1956 3178
0 0 255 122 {Rs-,³³21

0 53 18 64 ⁵*
92 51 106 75 ἴ

0 68 102 159 l·-
536 110 724 152 BELLI
755 109 1013 152 'rnoiAm
1043 109 1158 151 LIB
1191 109 1270 154 iv
1645 110 1710 162 77

39 235 506 315 *persentisceret
543 252 759 287 aversus
799 251 865 287 ue
903 253 935 287 a
972 234 1129 303 duce,
1168 233 1393 288 adsistit.
1457 234 1582 287 dein
1618 236 1711 287 ubi

0 350 2 357 ,
84 311 308 374 tempus
365 305 539 385 visum
594 308 700 373 est,
810 304 1072 373 eiphobus
1127 305 1404 374 amplexus
1450 305 1713 358 inermem

0 401 4 404 ·
91 376 345 429 iuvenem
409 375 606 444 quippe
670 375 729 428 in
795 393 946 428 sacro
992 375 1265 443 Apollinis
1321 375 1461 428 nihil
1515 376 1712 428 hostile

99 449 428 499 metuentem
473 446 771 499 exosculari
808 445 1175 515 gratularique
1221 464 1382 514 super
1427 446 1536 514 his,
1575 464 1712 515 quae

100 517 474 583 consensisset,
511 534 687 584 neque
712 516 780 568 ab
817 534 880 568 eo
907 515 1091 568 divelli
1116 519 1210 568 aut
1246 517 1509 584 omittere,
1537 517 1715 585 quoad
1737 530 1757 562 5

26 590 31 610 ⁸·
100 587 406 639 Alexander
431 586 626 639 librato
653 586 832 656 gladio
853 604 1279 655 procurrensque
1313 587 1595 639 adversum
1619 587 1715 640 ho-

99 660 237 710 stem
281 675 379 726 per
429 660 714 726 utrumque
762 657 901 709 latus
948 657 1221 726 geminato
1270 657 1380 709 ictu
1427 658 1712 728 transfigit.

96 730 154 779 at
188 727 284 780 ubi
322 727 645 780 dissolutum
670 727 982 779 vulneribus
1019 727 1457 795 animadvertere,
1497 746 1524 780 e
1561 731 1714 796 parte

95 797 225 866 alia,
274 815 435 866 quam
479 802 766 865 venerant,
814 801 1106 877 proruunt·
1165 815 1221 849 re
1268 798 1345 850 ita
1382 798 1615 851 maxima
1662 802 1716 850 et

94 885 256 936 super
292 871 420 921 vota
459 868 700 920 omnium
724 867 977 936 perfecta,
1017 868 1074 919 in
1099 868 1375 920 civitatem
1412 872 1709 921 recurrunt.
1737 883 1777 913 10

97 955 232 1007 quos
258 938 402 991 visos
431 936 619 990 Ulixes
643 956 791 1006 „non
815 941 1015 990 temere
1042 942 1136 1006 est,
1143 940 1174 966 “
1210 939 1403 1007 inquit,
1440 938 1620 1019 „quod
1658 939 1716 991 hi

96 1008 300 1061 turbati
325 1026 386 1061 ac
427 1008 623 1088 trepidi
660 1011 880 1077 repente
905 1009 1215 1077 prosiluere.
1222 1011 1254 1037 “
1325 1009 1450 1061 dein
1486 1010 1716 1079 ingressi

95 1078 278 1130 lucum
329 1079 920 1147 circumspicientesque
974 1079 1225 1132 universa
1279 1079 1717 1132 animadvertunt

97 1147 350 1201 Achillen
385 1151 611 1202 stratum
645 1149 796 1201 humi
840 1166 1164 1218 exsanguem
1199 1152 1359 1218 atque
1398 1150 1560 1202 etiam
1597 1153 1715 1202 tum

91 1219 432 1271 seminecem.
484 1222 600 1271 tum
621 1220 761 1271 Aiax
793 1219 967 1287 „fuiff‘
1008 1220 1187 1288 inquit
1214 1220 1630 1287 „confirmatum
1654 1237 1716 1273 ac
1739 1234 1780 1267 15

98 1307 285 1341 verum
329 1307 426 1358 per
461 1290 716 1342 mortales
774 1290 984 1341 nullum
1021 1289 1304 1342 hominum
1351 1291 1576 1343 existere
1621 1309 1716 1359 po-

95 1359 288 1427 tuisse,
327 1360 420 1427 qui
457 1362 510 1412 te
547 1377 675 1412 vera
705 1361 903 1412 virtute
942 1363 1241 1428 superaret,
1281 1360 1399 1428 sed⁷
1438 1363 1500 1413 ut
1535 1361 1716 1429 palam

99 1433 195 1497 est,
219 1432 315 1482 tua
339 1434 392 1482 te
418 1430 723 1482 inconsulta
749 1430 1022 1483 temeritas
1047 1430 1299 1498 prodidit.
1306 1433 1338 1459 “
1383 1431 1507 1484 dein
1533 1432 1717 1484 Achil-

25 1546 30 1550 ,
92 1499 172 1552 les
230 1503 525 1552 extremum
581 1500 755 1552 adhuc
802 1504 1077 1553 retentans
1125 1501 1374 1569 spiritum
1421 1502 1581 1569 „dolo
1629 1520 1714 1554 me

21 1610 42 1623 ..
99 1572 262 1638 atque
308 1569 551 1622 insidiis“
602 1571 781 1638 inquit
825 1570 1175 1639 „Deiphobus
1211 1574 1372 1639 atque
1408 1572 1715 1624 Alexander
1738 1587 1779 1618 20

98 1638 406 1708 Polyxenae
449 1640 624 1710 gratia
660 1641 1070 1694 circumvenere.
1078 1643 1109 1669 “
1190 1644 1307 1694 tum
1356 1642 1716 1710 exspirantem

99 1727 223 1762 eum
271 1709 435 1763 duces
481 1711 714 1779 amplexi
761 1729 882 1764 cum
932 1729 1128 1782 magno
1178 1712 1383 1781 gemitu
1431 1715 1592 1781 atque
1630 1731 1716 1765 ex-

99 1779 324 1859 osculati
343 1783 673 1849 postremum
699 1782 950 1834 salutant.
990 1782 1220 1850 denique
1246 1783 1387 1835 Aiax
1415 1784 1716 1835 exanimem

101 1849 209 1902 iam
246 1851 443 1903 umeris
481 1851 751 1904 sublatum
789 1870 817 1904 e
854 1852 975 1905 luco
1014 1853 1180 1904 effert.

241 1920 362 1974 XII.
438 1919 594 1983 Quod
640 1923 734 1974 ubi
780 1923 1204 1975 animadvertere
1242 1922 1489 1990 Troiani,
1530 1941 1715 1976 omnes
1738 1938 1779 1970 25

102 1990 262 2043 simul
298 1991 468 2059 portis
505 1995 773 2060 proruunt
818 1993 1021 2061 eripere
1057 1992 1310 2044 Achillen
1355 1993 1589 2045 nitentes
1641 1996 1718 2046 at-

91 2099 95 2104 ·
136 2078 202 2113 ue
240 2061 450 2114 auferre
501 2063 644 2114 intra
682 2063 896 2114 moenia
952 2062 1156 2115 scilicet
1201 2081 1349 2115 more
1398 2063 1558 2116 solito
1597 2063 1716 2115 illu-

142 2148 229 2183 ere
256 2131 501 2184 cadaveri
539 2132 651 2184 eius
686 2132 992 2201 gestientes,
1056 2135 1244 2185 contra
1269 2133 1461 2186 Graeci
1499 2134 1718 2203 cognita

103 2218 161 2252 re
209 2202 435 2281 arreptis
478 2202 640 2253 armis
697 2202 929 2255 tendunt
983 2202 1289 2255 adversum:
1347 2204 1715 2272 paulatimque

104 2288 290 2323 omnes
316 2272 500 2340 copiae
525 2271 840 2339 productae·
876 2273 952 2326 ita
976 2274 1245 2342 utrimque
1271 2278 1540 2326 certamen
1565 2274 1716 2326 brevi
1739 2288 1781 2321 30

104 2340 356 2394 adolevit
417 2342 558 2393 Aiax
594 2342 790 2394 tradito
818 2343 918 2411 his,
958 2344 1050 2412 qui
1089 2361 1267 2396 secum
1296 2344 1529 2412 fuerant,
1568 2343 1716 2396 cada-

102 2428 226 2463 vere
277 2412 390 2464 eius
437 2412 678 2464 infensus
727 2413 919 2465 Asium
966 2413 1252 2482 Dymantis
1311 2414 1564 2466 Hecubae
1610 2414 1716 2466 fra-

104 2484 257 2548 trem,
298 2500 455 2550 quem
497 2483 730 2550 primum
758 2483 976 2536 obvium
1013 2484 1217 2551 habuit,
1258 2484 1527 2536 interficit.
1592 2484 1717 2536 dein

215 2637 320 2678 XII.
350 2637 508 2683 Malal.
542 2641 621 2681 167
654 2640 812 2682 Tzetz.
845 2640 1078 2682 Posthom.
1112 2642 1208 2682 425.

216 2781 242 2819 6
272 2791 634 2832 procurrensque
665 2781 782 2828 libri,
817 2794 903 2834 que
935 2795 1013 2822 om.
1046 2782 1165 2821 editt.
1304 2782 1330 2822 9
1361 2786 1588 2822 uenerunt
1622 2782 1715 2829 ΕΒ,

95 2846 218 2876 -corr,
257 2836 338 2874 VP
452 2837 502 2876 11
535 2849 623 2889 quo
654 2838 754 2878 uiso
783 2838 825 2876 V
939 2840 992 2878 32
1015 2838 1186 2888 Asyum
1218 2836 1436 2878 dimantis
1461 2839 1495 2879 G
1553 2838 1716 2879 Asium

97 2889 350 2942 clymantis
382 2891 437 2932 B.
