1956 3178
1005 27 1033 54 x

548 105 736 147 BELLI
765 104 1019 148 TROIANI
1049 104 1166 146 LIB.
1197 105 1278 150 111.
1653 103 1719 156 61

109 249 235 302 pere
282 232 462 301 pergit
506 233 666 299 atque
723 230 934 284 hostem
981 247 1228 282 securum
1275 229 1359 282 sui
1409 230 1722 297 praevortit,

108 305 225 356 tum
270 301 478 372 ingredi
537 301 738 354 fiumen
784 300 1150 381 ’occipientem
1205 299 1572 353 circumvenit
1647 300 1725 352 ita

109 390 338 441 eumque
377 376 431 425 ct
467 390 667 440 omneS,
706 371 798 440 qui
836 371 1057 424 comites
1094 371 1283 440 regulo
1322 371 1505 423 dolum
1541 370 1725 423 huius-

110 443 257 496 modi
294 443 692 524 ignoraverant,
730 460 795 494 ex
831 442 1107 510 inproviso
1147 442 1425 494 interficit:
1465 444 1523 494 at
1559 458 1723 522 quen-

111 513 234 567 dam
299 513 533 566 filiorum
591 512 793 565 Priami
851 512 1296 580 comprehensum
1360 531 1486 565 mox
1534 512 1723 565 excisis
1748 527 1768 560 ⁵

110 585 358 639 manibus
395 584 462 636 ad
496 583 768 636 civitatem
805 583 1032 635 remittit
1065 583 1374 636 nuntiatum
1412 601 1548 652 quae
1573 585 1726 652 gesta

112 657 265 708 erant
351 655 464 724 ipse
503 672 623 706 cum
671 653 829 706 caede
876 653 1256 722 inimicissimi,
1304 657 1421 706 tum
1466 654 1726 706 memoria

111 725 311 779 doloris
357 725 509 777 ferox
573 725 862 793 spoliatum
918 724 1079 777 armis
1126 725 1363 793 hostem,
1419 742 1545 777 mox
1602 742 1725 777 con-

111 795 311 848 strictis
358 795 416 848 in
462 813 629 847 unum
677 795 902 863 pedibus
957 795 1172 847 vinculo
1225 795 1405 847 currui
1451 797 1723 863 postremo

109 866 369 932 adnectit,
417 866 539 918 dein
586 866 680 918 ubi
727 866 967 918 ascendit
1013 866 1151 934 ipse,
1205 865 1591 918 Automedonti
1630 865 1725 917 im·
1751 881 1790 912 10

110 941 286 1006 perat,
327 908 477 989 d⁷aret
512 936 629 989 lora
666 937 831 1016 equis.
895 937 972 989 ita
1009 955 1166 988 curru
1206 936 1417 989 concito
1456 954 1552 1005 per
1589 954 1725 988 cam-

109 1026 264 1077 pum,
323 1026 429 1076 qua
484 1007 713 1059 maxime
761 1007 862 1059 visi
919 1010 1155 1075 poterat,
1215 1007 1460 1075 pervolat
1515 1007 1728 1059 hostem

111 1077 414 1131 mirandum
462 1078 520 1130 in
566 1078 785 1133 modum
824 1077 1268 1130 circumtrahens:
1313 1095 1484 1147 genus
1520 1095 1726 1145 poenae

111 1166 314 1202 novum
351 1149 833 1217 miserandumque.

254 1218 401 1272 XVI
468 1221 545 1299 At
579 1220 721 1287 apud
746 1219 964 1271 Troiam
1011 1220 1104 1271 ubi
1142 1219 1316 1287 spolia
1352 1218 1602 1272 Hectoris
1640 1219 1725 1271 de·
1750 1235 1791 1268 15

113 1307 272 1358 super
309 1307 372 1341 ex
398 1289 563 1342 muris
589 1290 1028 1358 animadvertere,
1056 1308 1192 1358 quae
1220 1289 1410 1342 Graeci
1440 1293 1725 1358 praecepto

112 1360 254 1430 regis
293 1363 416 1440 ante
456 1378 550 1413 ora
573 1359 810 1413 hostium
836 1361 1226 1429 praetulerant,
1267 1363 1322 1413 et
1356 1360 1498 1413 filius
1524 1360 1726 1413 Priami

112 1430 432 1500 praemissus
470 1431 537 1483 ab
572 1430 786 1483 Achille
834 1449 946 1483 rem
994 1434 1056 1483 ut
1102 1434 1254 1501 gesta
1301 1435 1418 1483 erat
1461 1431 1726 1499 disseruit,

109 1504 294 1565 tantus
341 1500 578 1570 undique
625 1520 808 1554 versus
856 1520 951 1570 per
1004 1505 1175 1554 totam
1223 1502 1495 1555 civitatem
1551 1503 1726 1554 luctus

114 1561 275 1641 atque
302 1572 503 1624 clamor
530 1571 719 1640 editur,
759 1575 819 1624 ut
844 1590 968 1624 aves
995 1573 1155 1624 etiam
1186 1576 1558 1625 consternatae
1585 1574 1727 1626 voci·
1749 1588 1791 1620 20

113 1643 214 1695 bus
261 1642 371 1695 alto
421 1641 676 1694 decidisse
715 1643 1056 1695 crederentur
1111 1644 1310 1696 nostris
1348 1661 1468 1695 cum
1507 1644 1727 1696 insulta-

111 1713 261 1766 tione
307 1712 737 1766 reclamantibus
822 1731 883 1766 ac
929 1731 1055 1766 mox
1102 1732 1165 1766 ex
1212 1714 1360 1766 omni
1407 1718 1557 1782 parte
1601 1714 1727 1768 urbs

114 1783 406 1837 clauditur:
453 1783 701 1836 foedatur
747 1785 901 1854 regni
949 1784 1165 1837 habitus
1215 1789 1375 1853 atque
1413 1785 1471 1837 in
1507 1785 1727 1838 modum

115 1854 400 1934 lugubrem
425 1854 804 1923 funestumque
835 1855 1064 1908 obducta
1100 1855 1273 1908 facies
1291 1855 1546 1907 civitatis:
1589 1874 1725 1923 cum,

114 1925 255 1977 sicut
299 1925 357 1976 in
403 1925 500 1977 tali
546 1925 739 1977 nuntio
788 1925 1018 1994 adsolet,
1067 1929 1286 1994 repente
1333 1944 1519 1978 cursus
1566 1927 1726 1994 trepi-
1750 1939 1792 1972 25

113 1995 357 2048 dantium
393 1996 545 2047 fieret
580 1996 639 2047 in
676 1996 904 2048 eundem
942 1997 1120 2048 locum
1145 2014 1206 2048 ac
1245 1996 1426 2048 statim
1463 1996 1578 2048 sine
1617 1997 1728 2048 ulla

113 2069 260 2119 certa
296 2065 505 2118 ratione
542 2084 638 2133 per
664 2065 932 2118 diversum
968 2066 1125 2136 fuga:
1164 2084 1309 2119 nunc
1334 2066 1582 2134 planctus
1621 2085 1729 2119 cre-

116 2137 224 2204 bri,
279 2136 438 2189 modo
488 2138 618 2188 urbe
664 2139 780 2188 tota
837 2136 1111 2189 silentium
1167 2155 1231 2189 ex
1280 2137 1503 2190 incerto.
1586 2138 1729 2190 inter

118 2224 254 2275 quae
302 2210 355 2259 et
403 2224 522 2274 spes
570 2209 832 2259 extremas
880 2207 1037 2259 multi
1084 2207 1350 2262 credidere
1398 2226 1519 2275 cum
1568 2212 1726 2260 nocte

115 2276 275 2329 simul
311 2275 542 2329 Graecos
567 2277 781 2329 moenia
817 2277 1096 2331 invasuros
1132 2279 1506 2347 excisurosque
1542 2279 1728 2331 urbem
1750 2291 1792 2325 30

115 2365 328 2399 securos
365 2347 587 2399 interitu
623 2348 762 2400 tanti
789 2347 952 2417 duciS,
991 2349 1242 2402 nonnulli
1280 2350 1441 2402 etiam
1467 2367 1565 2418 pro
1604 2367 1728 2401 con-

114 2418 325 2470 firmato
372 2418 568 2470 habere
615 2418 883 2471 Achillem
930 2420 1221 2472 exercitum
1269 2438 1415 2486 eum,
1465 2419 1557 2487 qui
1596 2419 1727 2472 duce

114 2487 457 2540 Penthesilea
502 2487 704 2540 Priami
751 2490 908 2542 rebus
957 2490 1156 2542 auxilio
1195 2493 1440 2557 venerat,
1486 2490 1727 2558 partibus

231 2730 283 2769 12
314 2730 550 2782 praenolat
583 2730 660 2771 GB
729 2731 940 2783 peruolat
970 2733 1010 2771 P
1146 2733 1196 2771 17
1239 2731 1535 2772 et—Achille
1577 2733 1731 2772 addidi

116 2798 175 2826 ea:
207 2784 301 2828 BP.
341 2799 429 2826 cum
467 2788 605 2827 desint
642 2790 685 2828 in
726 2788 780 2834 G,
821 2795 1004 2828 ceterum
1041 2790 1083 2828 in
1123 2787 1163 2826 B
1195 2789 1347 2840 leyitur
1388 2800 1505 2839 quae
1535 2794 1632 2828 ante
1666 2792 1725 2828 et.

115 2844 238 2894 vnlqo
277 2844 456 2893 leyitur:
495 2846 542 2883 et
580 2842 657 2885 ille
700 2844 778 2896 qui
826 2845 992 2884 excisis
1040 2843 1253 2883 manibus
1295 2845 1621 2884 acerbissimae
1662 2843 1728 2885 rei

115 2896 336 2938 indicium
367 2898 413 2938 in
446 2910 493 2939 se
526 2899 622 2951 ipse
654 2900 908 2952 pertulerat
1023 2902 1076 2939 22
1110 2911 1213 2940 mox
1245 2901 1388 2952 portis
1424 2900 1516 2941 GB.
