1956 3178
273 103 340 157 56
793 107 1011 149 morYs
1043 106 1376 151 ORETENsls
1852 40 1943 157 ds?

273 230 497 283 Melium
562 232 861 299 Astynoum
926 230 1220 300 Doryclum
1286 231 1660 300 Hippothoum
1720 238 1881 304 atque
1928 214 1956 300 ’ἷ-

272 300 725 370 Hippodamanta.
800 307 856 353 at
900 301 959 352 in
1005 301 1111 354 alia
1146 301 1274 354 belli
1318 306 1470 371 parte
1508 303 1795 358 Patroclus
1820 307 1882 356 et
1939 302 1956 368 j

273 372 467 441 Lycius
514 370 789 440 Sarpedon
834 371 997 424 locati
1048 372 1107 424 in
1157 373 1406 426 cornibus
1455 374 1620 427 nullis
1663 375 1876 444 propin·
1947 376 1956 417 ’ἓ

275 461 502 511 quorum
548 442 919 510 praesentibus
967 443 1122 512 signo
1180 442 1322 496 inter
1371 462 1426 496 se
1475 444 1597 498 dato
1655 444 1878 498 solitarii
1948 454 1956 492 ’ζ

231 531 251 562 5
275 513 579 565 certaminis
655 516 804 565 extra
870 513 1037 565 aciem
1091 531 1419 583 processere,
1476 532 1706 584 moxque
1755 515 1886 567 telis

275 584 559 636 advorsum
605 583 782 651 iactiS‚
840 584 933 635 ubi
990 587 1214 652 uterque
1271 585 1504 637 intactus
1562 589 1665 654 est,
1719 603 1880 638 curru
1952 598 1956 601 ’

274 654 529 707 desiliunt
555 657 715 722 atque
742 654 967 722 arreptis
994 654 1186 724 gladiis
1210 658 1445 724 pergunt
1470 655 1698 709 obviam.
1747 656 1876 708 iam·
1950 703 1956 706 .

275 743 378 793 que
427 724 624 776 crebris
672 725 958 777 advorsum
1013 743 1068 777 se
1124 725 1317 777 ictibus
1364 727 1658 795 congressi,
1705 743 1882 794 neque

274 796 586 848 vulneratus
634 795 941 863 quisquam,
1000 795 1229 847 multum
1276 796 1379 847 diei
1428 798 1884 864 consumpseram,
1939 834 1950 839 -

211 882 252 914 10
275 884 395 918 cum
420 865 698 918 Patroclus
737 866 965 934 amplius
1003 865 1302 918 audendum
1340 869 1486 919 ratus
1524 867 1732 936 colligit
1767 883 1889 919 sese·

274 937 332 988 in
378 955 526 988 arma
572 940 626 988 et
672 936 878 988 cautius
926 938 1200 989 contectus
1246 937 1623 1006 ingressusque
1669 937 1881 990 hostem

276 1006 674 1075 complectitur,
713 1025 876 1058 manu
915 1005 1099 1058 dextra
1134 1006 1396 1074 poplitem
1435 1007 1733 1074 succidenS,
1772 1024 1889 1075 quo

275 1077 496 1129 vulnere
535 1076 872 1129 debilitatum
910 1080 1071 1144 atque
1109 1077 1331 1128 exsectis
1367 1077 1547 1129 nervis
1584 1077 1883 1130 invalidum

274 1147 555 1216 propulsat
591 1165 812 1216 corpore
850 1154 1199 1215 ruentemque
1237 1147 1504 1199 interficit.

212 1234 253 1267 15
416 1217 567 1271 VIII.
647 1216 800 1279 Quod
855 1218 948 1270 ubi
1009 1216 1428 1269 animadvertere
1484 1217 1729 1284 Troiani,
1790 1215 1882 1285 qui

275 1289 425 1341 iuxta
471 1290 754 1356 steterant,
810 1288 1015 1357 gemitu
1072 1305 1270 1357 magno
1327 1288 1613 1340 clamorem
1666 1287 1890 1355 tollunt,

275 1359 579 1427 relictisque
618 1358 893 1411 ordinibus
931 1358 1086 1427 signo
1125 1358 1248 1410 dato
1287 1376 1435 1410 arma
1479 1358 1537 1409 in
1573 1357 1882 1410 Patroclum

277 1433 519 1497 vertunt,
569 1429 771 1482 scilicet
816 1427 1137 1496 Sarpedonis
1193 1428 1414 1480 interitu
1458 1427 1730 1496 publicam
1781 1427 1884 1479 cla·
1954 1455 1956 1486 ;

278 1500 398 1552 dem
443 1499 562 1552 rati.
639 1502 694 1551 at
739 1499 1018 1551 Patroclus
1074 1498 1318 1567 praeviso
1375 1498 1612 1550 hostium
1668 1497 1889 1567 agmine

212 1587 254 1619 20
276 1570 445 1623 telum
480 1569 716 1638 positum
752 1569 904 1621 humi
929 1587 1154 1638 propere
1191 1570 1333 1637 rapit
1357 1568 1788 1636 compositusque
1825 1567 1890 1619 in

278 1642 437 1694 armis
476 1640 758 1692 audentius
804 1640 1019 1692 resistit.
1093 1642 1222 1691 tunc
1267 1639 1608 1708 ingruentem
1643 1637 1882 1706 Deipho-
1943 1668 1946 1669 ν

276 1712 405 1764 bum
439 1711 595 1763 hasta
618 1709 915 1763 comminus
950 1710 1139 1762 tibiam
1174 1709 1301 1761 ferit
1336 1712 1495 1777 atque
1532 1707 1782 1760 excedere
1819 1725 1886 1760 ex

278 1782 389 1836 acie
428 1781 605 1851 coegit
640 1780 923 1832 interfecto
959 1780 1108 1848 prius
1140 1779 1511 1848 Gorgythione
1548 1778 1714 1830 fratre
1753 1777 1881 1830 eius,

278 1870 452 1920 neque
489 1851 658 1903 multo
697 1853 821 1919 post
867 1850 1100 1902 adventu
1137 1850 1316 1901 Aiacis
1363 1848 1470 1901 fusi
1506 1848 1723 1917 reliqui,
1763 1865 1890 1900 cum

214 1937 255 1969 25
278 1922 496 1975 interim
533 1921 734 1974 Hector
782 1921 998 1973 edoctus
1037 1938 1172 1989 quae
1210 1919 1537 1986 acciderant,
1577 1917 1892 1986 supervenit,

279 2010 340 2046 ac
377 2010 502 2045 mox
540 2009 852 2044 conversam
877 2009 1095 2043 suorum
1132 1991 1299 2042 aciem
1322 2007 1420 2058 pro
1458 1991 1698 2057 tempore
1735 1987 1883 2040 resti-

277 2063 385 2115 tuit
430 2063 718 2130 increpatis
767 2062 987 2114 ducibus
1037 2079 1097 2114 ac
1133 2060 1400 2129 plerisque
1450 2077 1513 2111 ex
1558 2059 1690 2128 fuga
1734 2057 1890 2130 redu-

282 2133 396 2185 ctis,
460 2133 535 2184 ita
570 2133 872 2200 praesentia
910 2132 1022 2184 eius
1049 2131 1214 2184 animi
1242 2130 1508 2183 tolluntur
1545 2132 1599 2181 et
1621 2128 1887 2197 proelium

279 2202 597 2256 incenditur.
671 2205 788 2254 tum
824 2220 950 2254 vero
988 2202 1187 2254 inclitis
1234 2220 1298 2254 ex
1336 2203 1559 2268 utraque
1605 2201 1756 2267 parte
1794 2196 1888 2249 du-
1916 2243 1941 2265 4

216 2289 259 2322 30
282 2274 432 2326 cibus
490 2273 802 2325 confirmato
872 2272 1105 2324 exercitu
1162 2270 1462 2340 confligunt
1517 2269 1655 2322 acies
1667 2310 1682 2337 ‚
1741 2285 1891 2320 nunc

281 2345 408 2396 hinc
454 2343 578 2395 inde
627 2342 934 2394 cedentibus
980 2342 1241 2394 instantes
1284 2345 1360 2408 et,
1410 2340 1502 2392 ubi
1549 2339 1687 2391 acies
1731 2340 1888 2390 nuta·
1950 2373 1956 2379 -

282 2417 455 2482 verat,
517 2412 794 2482 praesidiis
841 2412 1257 2464 accurrentibus.
1350 2412 1555 2462 interea
1608 2408 1890 2476 utriusque

400 2670 421 2707 1
454 2667 618 2708 molius
652 2668 731 2708 ΘΒ
768 2667 1016 2707 Mer-cerus:
1056 2665 1241 2706 Melium
1276 2664 1283 2716 Ι
1311 2662 1583 2716 astyochum
1617 2661 1695 2703 GB
1760 2664 1886 2712 asty-

283 2736 461 2764 menem
511 2724 572 2775 P,
629 2724 838 2764 Fuclzsius
887 2723 1065 2764 coniecit
1120 2720 1371 2772 Astynoum
1530 2721 1554 2759 7
1601 2718 1811 2759 obuicum
1851 2717 1890 2756 G

286 2782 339 2821 18
376 2779 615 2821 interitum
650 2781 770 2830 vulyo
811 2780 963 2832 legitur
999 2785 1150 2819 eontra
1186 2777 1318 2817 libros
1458 2778 1511 2815 31
1551 2787 1672 2815 nunc
1709 2772 1815 2813 inde
1843 2771 1889 2811 B

285 2838 338 2878 32
370 2834 615 2889 praesidiis
650 2835 684 2875 G
724 2835 845 2885 (fort.
879 2849 906 2875 α
932 2849 1002 2887 pr.
1033 2848 1084 2876 m.
1124 2839 1251 2873 antea
1290 2828 1542 2885 praesidio)
1571 2828 1578 2883 Ι
1603 2827 1885 2870 accurrenti—

285 2892 371 2932 bus
413 2891 491 2932 GB
565 2891 793 2944 praesidio
826 2894 1118 2932 accurrentes
1147 2889 1410 2930 Dederiehus
1441 2888 1633 2930 coniecit.
