1956 3178
387 144 466 188 DE
501 142 746 188 EXCIDIO
782 142 1010 187 TROIAE
1048 141 1349 187 HISTORIA.
1621 140 1693 192 43

41 269 297 334 exempta
344 265 582 318 moritur.
667 262 961 317 Alexandri
1014 281 1207 332 corpus
1260 262 1327 315 ad
1381 261 1568 314 urbem
1615 279 1693 314 re-

47 338 230 392 fertur.
289 338 576 392 Diomedes
607 338 748 390 virili
779 338 960 391 animo
993 337 1050 389 in
1088 337 1271 390 hostes
1303 335 1693 405 inpressionem

47 411 191 466 facit
294 413 534 482 Phryges
596 411 725 465 fessi
787 412 845 464 in
906 411 1094 464 urbem
1156 411 1498 480 confugiunt,
1560 428 1734 479 quos-

47 484 336 539 Diomedes
375 503 543 570 usque
582 486 637 539 in
677 486 864 538 urbem
903 485 1254 555 persequitur.
1316 484 1695 554 Agamemnon

48 560 339 613 exercitum
394 560 534 613 circa
587 559 843 629 oppidum
899 559 1045 612 ducit
1088 562 1142 612 et
1187 562 1303 612 tota
1351 561 1507 611 nocte
1556 553 1695 610 circa
1719 569 1739 601 5

42 651 263 687 murum
296 634 527 703 obsedit,
567 637 738 702 curat,
779 638 839 686 ut
871 634 1079 686 alterna
1113 633 1226 686 vice
1262 632 1474 703 vigilias
1515 636 1695 702 agant.

46 710 265 776 postera
311 707 394 760 die
440 676 686 761 Priamus
733 707 1100 760 Alexandrum
1146 707 1205 759 in
1244 706 1442 776 oppido
1491 705 1696 775 sepelit,

49 799 210 850 quem
249 798 448 851 magno
487 782 696 834 ululatu
726 781 937 834 Helena
974 785 1258 851 prosecuta
1297 784 1400 847 est,
1440 780 1696 850 quoniam

46 855 117 907 ab
172 873 235 908 eo
289 854 577 908 honorifice
630 859 862 908 tractata
923 859 1020 909 est.
1120 873 1281 924 quam
1342 853 1588 906 Priamus
1643 857 1698 906 et

39 926 273 982 'Hecuba
318 932 378 982 ut
422 929 588 981 filiam
643 933 966 998 aspexerunt
1023 932 1078 981 et
1134 929 1418 998 diligenter
1480 946 1693 981 curave·
1722 941 1763 972 10

46 1005 198 1070 runt,
245 1003 387 1072 quod
432 1021 728 1073 numquam
767 1003 1031 1056 Troianos
1071 1002 1402 1071 despexisset
1439 1001 1696 1072 Argivos-

49 1094 152 1146 que
190 1094 302 1129 non
346 1076 714 1130 desiderasset.

198 1149 452 1204 XXXVI.
527 1150 752 1203 Postera
783 1151 867 1203 die
891 1149 1271 1221 Agamemnon
1302 1150 1479 1219 coepit
1502 1151 1696 1203 exerci-

45 1226 167 1276 tum
191 1227 315 1276 ante
339 1228 523 1293 portas
548 1225 811 1277 instruere
830 1228 885 1277 et
902 1223 1186 1278 Dardanos
1205 1224 1272 1277 ad
1288 1225 1551 1294 proelium
1575 1242 1697 1293 pro-

45 1315 253 1350 vocare.
328 1297 575 1351 Priamus
623 1299 935 1367 subsistere,
982 1299 1171 1351 urbem
1209 1298 1419 1351 munire
1459 1302 1512 1351 et
1551 1298 1764 1367 quie-15

47 1389 218 1440 scere,
249 1389 417 1442 usque
450 1372 576 1424 dum
599 1372 940 1425 Penthesilea
971 1391 1092 1426 cum
1116 1372 1484 1426 Amazonibus
1517 1390 1697 1441 super-

51 1445 272 1498 veniret.
362 1445 702 1499 Penthesilea
762 1450 951 1516 postea
1015 1447 1345 1516 supervenit,
1407 1447 1699 1499 exercitum

46 1522 240 1572 contra
284 1518 751 1590 Agamemnonem
797 1520 987 1574 educit.
1070 1521 1132 1574 fit
1177 1521 1439 1604 proelium
1491 1520 1699 1590 ingens,

49 1611 146 1661 per
177 1593 383 1663 aliquot
413 1594 525 1647 dies
556 1598 843 1679 pugnatur.
905 1595 1097 1665 Argivi
1127 1595 1431 1666 fugantur
1416 1613 1474 1647 111
1508 1598 1699 1661 castra,

50 1667 442 1735 obprimuntur
535 1669 620 1722 cui
673 1669 762 1721 vix
818 1668 1106 1722 Diomedes
1163 1669 1400 1737 obsistit,
1458 1636 1699 1738 alioquiri
1724 1681 1766 1712 20

49 1758 215 1793 naves
246 1741 572 1796 incendisset
610 1746 664 1795 et
694 1742 1022 1813 Argivorum
1060 1744 1370 1796 universum
1409 1742 1699 1795 exercitum

47 1814 395 1868 devastasset.
494 1817 699 1885 proelio
763 1817 1026 1886 dirempto
1089 1817 1468 1888 Agamemnon
1532 1834 1587 1869 se
1643 1817 1700 1868 in

47 1889 240 1942 castris
304 1890 583 1944 continuit.
681 1890 1020 1944 Penthesilea
1085 1910 1210 1945 vero
1274 1891 1467 1944 cotidie
1522 1890 1701 1959 prodit

174 2055 195 2094 1
222 2050 443 2095 continuo
468 2051 574 2095 add.
600 2049 643 2095 G
668 2054 772 2095 ante
795 2052 994 2096 moritur
1094 2057 1119 2095 2
1139 2051 1391 2096 alexandro
1417 2050 1568 2142 occiiso
1593 2052 1700 2095 add.

972 2124 978 2129 ·
1477 2119 1499 2142 3
1549 2114 1678 2150 portas

27 2153 97 2198 ‘G
120 2158 227 2210 post
261 2153 460 2198 refertur
486 2156 492 2210 Ι
520 2166 692 2212 magno
733 2167 807 2198 311.
846 2154 966 2212 inpr.
999 2155 1048 2199 in
1086 2154 1133 2200 h.
1164 2155 1195 2198 f.
1230 2155 1274 2200 G
1401 2159 1427 2198 3
1453 2154 1503 2198 in
1538 2155 1702 2199 urbem

50 2227 243 2283 confug-1
229 2226 330 2271 unt
360 2227 403 2270 L
473 2229 752 2271 auertuntur
782 2229 901 2272 conf.
934 2228 984 2272 in
1015 2229 1178 2274 urbem
1209 2232 1371 2287 portas
1404 2215 1628 2274 obserant
1659 2216 1703 2272 G

52 2291 82 2331 6
120 2286 330 2344 persedit
370 2286 414 2329 L
482 2285 668 2331 obsedit
705 2289 754 2330 et
793 2287 837 2331 G
873 2291 877 2342 Ι
915 2287 1107 2333 alternis
1150 2288 1333 2334 uicibus
1374 2287 1461 2332 dili
1496 2289 1628 2333 enter
1659 2287 1703 2332 G

53 2350 79 2390 ’1
104 2345 154 2390 111
179 2344 352 2402 oppido
375 2358 459 2389 om.
485 2345 529 2388 L
648 2350 675 2390 8
699 2359 871 2404 magno
899 2347 1102 2414 ululatu]
1127 2348 1427 2392 uulneratum
1521 2350 1526 2402 Ι
1556 2344 1704 2403 quon-

51 2403 221 2448 iam—
240 2407 312 2448 est
342 2417 424 2448 om.
456 2403 502 2447 B
631 2409 656 2448 9
695 2404 803 2449 11011.
830 2406 945 2450 satis
975 2407 1266 2463 pertractata
1298 2407 1360 2451 sit
1384 2406 1428 2451 G
1454 2408 1459 2461 l
1487 2405 1636 2450 filium
1661 2405 1704 2450 G

54 2512 109 2551 11
144 2505 271 2563 desp.
303 2506 474 2551 troiam
510 2507 553 2552 G
612 2474 791 2553 troiani>
815 2508 932 2566 disp
1131 2515 1187 2554 14
1218 2511 1404 2567 portam
1435 2508 1478 2553 G
1503 2511 1511 2563 1
1540 2508 1619 2566 ad]
1653 2508 1703 2552 in

51 2565 99 2609 G
125 2567 130 2621 ι
158 2566 206 2610 in
238 2565 415 2610 bellum
437 2566 666 2623 proritare
701 2567 744 2613 V
847 2524 919 2612 15Ρ
935 2509 1149 2613 silescere
1176 2569 1220 2612 L
1280 2568 1518 2624 quiescere
1549 2567 1705 2624 coepit

50 2623 100 2669 G
221 2629 274 2669 16
307 2625 481 2670 auxilio
514 2626 621 2670 add.
655 2625 698 2671 G
721 2631 828 2683 post
868 2628 1184 2672 Amazonibus
1310 2632 1362 2671 17
1396 2629 1561 2684 postea
1591 2639 1703 2684 pen-

51 2683 222 2728 tesilea
245 2683 289 2728 G
347 2686 596 2740 postquam
620 2641 758 2742 pentp.
783 2685 827 2729 V
944 2691 999 2731 18
1024 2700 1336 2744 agamemnon
1360 2686 1404 2731 G
1524 2691 1577 2730 19
1604 2685 1703 2729 dies

53 2741 137 2786 diu
169 2741 212 2786 G
239 2745 244 2798 Ι
272 2742 498 2800 fugantur
535 2757 618 2788 om.
653 2744 696 2788 G
731 2747 736 2799 Ι
772 2745 898 2789 intra
929 2759 966 2789 c.
1001 2745 1044 2790 G
1165 2749 1221 2789 20
1254 2745 1484 2790 diomedis
1517 2744 1705 2789 obstitit

54 2799 100 2845 G
126 2803 133 2858 Ι
160 2803 315 2846 castra
357 2803 590 2847 uastasset
632 2804 736 2847 add.
778 2803 821 2848 G
851 2809 959 2861 post
1003 2804 1214 2861 alioquin
1349 2810 1403 2848 21
1438 2806 1487 2848 et
1532 2816 1615 2848 om.
1662 2803 1706 2846 G

55 2864 112 2904 22
138 2860 321 2918 direpto
346 2859 440 2904 LG
467 2863 473 2917 Ι
502 2861 570 2919 se]
604 2875 711 2906 suos
737 2861 779 2906 G
900 2868 955 2907 23
981 2866 1137 2908 castra
1159 2863 1203 2906 L
1230 2864 1236 2922 Ι
1263 2863 1447 2908 retinet.
1511 2863 1707 2907 Interim

53 2922 234 2976 pentes.
266 2919 396 2976 prod.
429 2921 540 2964 cott.
572 2919 676 2965 deu.
709 2934 807 2979 arg
839 2921 889 2966 in
921 2921 976 2966 G.
