1956 3178
303 105 374 159 50
816 107 1036 151 mc'rYs
1070 108 1406 154 CRETENSIS

303 231 525 284 liberius
571 233 814 285 incusare
863 236 1022 302 atque
1069 234 1368 303 increpare,
1421 237 1564 302 quod
1609 238 1667 290 in
1702 240 1917 310 magnis

305 302 700 355 discriminibus
739 321 957 355 suorum
986 303 1125 356 nihil
1162 305 1468 359 iracundiae
1504 308 1783 378 remiserit,
1819 329 1914 379 po·

302 373 571 441 tueritque
621 372 823 425 cladem
861 375 1123 427 exercitus
1159 376 1393 444 perpeti,
1439 395 1559 430 cum
1599 395 1720 431 eum
1755 380 1914 433 multi

305 443 485 511 amici,
524 443 743 511 plurimi
783 444 944 496 etiam
982 444 1237 498 adfinium
1283 447 1524 500 obvoluti
1561 449 1790 517 genibus
1827 449 1913 503 de-

260 529 280 560 5
303 516 662 582 precarentur.
726 518 848 582 post
885 533 1043 583 quem
1080 514 1265 568 Ulixes
1311 517 1404 569 illa
1442 519 1657 587 quidem
1693 519 1913 573 deorum

304 601 416 636 esse
455 584 554 652 ait,
594 602 779 636 eorum
806 588 999 654 autem,
1039 604 1173 654 quae
1210 587 1268 639 in
1304 588 1527 642 consilio
1566 592 1685 642 acta
1721 593 1913 660 essent,

304 654 490 707 ordine
530 655 797 724 exposito,
847 674 981 724 quae
1032 656 1193 709 etiam
1229 659 1605 727 Agamemnon
1639 660 1913 728 pollicitus

305 743 547 793 quaeque
585 726 812 778 iurasset
848 726 914 778 ad
939 729 1269 795 postremum
1308 732 1440 797 ora-t,
1477 748 1545 781 ne
1582 748 1766 798 preces
1804 749 1915 784 om-

302 795 454 847 nium
510 813 645 847 neve
704 796 908 848 oblatas
968 798 1183 865 nuptias
1231 803 1627 868 aspernaretur,
1683 819 1914 870 moxque

240 882 282 913 10
305 883 490 918 eorum
538 867 802 935 omnium,
862 885 996 935 quae
1042 886 1150 920 una
1199 868 1581 939 offerebantur,
1642 889 1912 924 enumera-

302 936 507 989 tionem
544 936 689 989 facit.

443 1006 530 1058 LI.
606 1007 741 1059 Tum
779 1007 1017 1060 Achilles
1063 1008 1282 1078 longam
1339 1027 1558 1062 exorsus
1615 1011 1911 1064 orationem

299 1076 533 1144 primum
581 1078 821 1129 omnium
878 1081 995 1130 acta
1050 1082 1305 1148 gestaque
1352 1098 1447 1132 sua
1493 1099 1773 1149 exponere.
1848 1100 1910 1135 ac

302 1147 424 1198 dein
463 1166 793 1215 ammonere,
834 1151 1061 1216 quantas
1087 1167 1367 1202 aerumnas
1404 1169 1501 1218 pro
1529 1151 1764 1204 utilitate
1802 1170 1912 1205 om-

240 1234 280 1266 15
303 1217 455 1269 nium
511 1218 818 1286 pertulerit,
883 1237 1013 1287 quas
1071 1219 1313 1272 civitates
1373 1238 1653 1290 aggressus
1712 1223 1912 1291 ceperit

305 1287 509 1339 cunctis
556 1289 771 1340 interim
820 1290 1274 1357 requiescentibus
1320 1291 1434 1358 ipse
1471 1292 1662 1344 anxius
1700 1310 1764 1344 ac
1799 1292 1910 1346 dies

298 1360 590 1426 noctesque
636 1359 778 1411 bello
830 1360 1095 1411 intentus:
1155 1364 1208 1412 et
1255 1378 1375 1412 cum
1430 1379 1604 1430 neque
1650 1362 1912 1416 militibus

300 1429 408 1480 suis
434 1447 608 1496 neque
647 1429 749 1481 sibi
786 1429 900 1497 ipse
925 1433 1183 1498 parceret,
1223 1434 1522 1499 asportatas
1558 1432 1910 1486 nihilominus

298 1499 521 1566 praedas
559 1500 616 1550 in
655 1517 937 1552 commune
976 1500 1194 1552 solitum
1231 1501 1496 1570 redigere:
1533 1521 1632 1570 pro
1672 1503 1790 1572 quis
1829 1522 1910 1557 so-

238 1587 278 1618 20
301 1569 412 1620 lum
462 1570 701 1622 omnium
749 1588 803 1622 se
854 1570 1107 1639 electum,
1166 1571 1257 1639 qui
1311 1575 1422 1623 tam
1467 1572 1669 1642 insigni
1715 1573 1913 1627 iniuria

300 1639 764 1708 dehonestaretur,
805 1640 978 1693 solum
1015 1642 1091 1692 ita
1127 1645 1520 1711 contemptum,
1567 1662 1598 1695 a
1635 1661 1741 1712 quo
1777 1642 1912 1712 Hip-

297 1709 548 1777 podamia
593 1713 677 1762 tot
721 1711 965 1763 laborum
1014 1712 1246 1779 pretium
1298 1731 1395 1780 per
1442 1711 1666 1765 dedecus
1712 1713 1911 1766 abstra-

298 1779 540 1832 heretur:
579 1798 752 1849 neque
790 1781 847 1832 in
886 1799 948 1833 ea
985 1781 1140 1849 eulpa
1186 1782 1359 1834 solum
1398 1800 1509 1843 esse
1547 1784 1908 1853 Agamemno-

297 1868 422 1902 nem
470 1850 562 1902 sed
606 1851 835 1902 maxime
899 1854 1101 1903 ceteros
1160 1852 1419 1920 GraecOS,
1477 1853 1567 1921 qui
1635 1853 1908 1907 immemo—

234 1938 276 1969 25
299 1938 383 1972 res
426 1921 807 1973 beneficiorum
865 1922 1242 1974 contumeliam
1297 1940 1447 1974 suam
1494 1923 1708 1976 silentio
1759 1941 1909 1992 prae-

1438 55 1458 66 ι
1775 52 1791 63 .
1828 41 1956 83 [³714.

1791 94 1794 97 ·
1946 94 1956 119 ,Ἰ

1947 120 1956 131 4

296 1991 556 2043 terierint.
619 1995 906 2059 postquam
943 1993 1105 2044 finem
1141 1992 1398 2060 loquendi
1435 1992 1577 2061 fecit,
1616 1993 1904 2047 Diomedes
1951 2060 1954 2063 Δ

296 2062 653 2128 ,‚praeterita“
690 2062 766 2114 ait
799 2061 1126 2130 „omittenda
1162 2066 1289 2115 sunt
1321 2081 1494 2131 neque
1534 2081 1564 2115 o
1606 2066 1747 2116 ortet
1781 2082 1906 2132 pru-

299 2129 512 2182 dentem
572 2132 877 2183 meminisse
924 2136 1338 2201 transactorum,
1398 2151 1540 2201 quan
1579 2152 1609 2185 o
1659 2151 1746 2202 ea,
1806 2134 1906 2187 etsi
1950 2131 1956 2143 ”

297 2201 527 2253 maxime
567 2219 631 2253 cu
670 2201 764 2270 iaS,
793 2219 1025 2270 nequeas
1051 2205 1354 2255 revocare.“
1426 2203 1632 2255 interea
1657 2203 1902 2256 Phoenix

234 2287 275 2319 30
299 2274 353 2322 et
389 2288 508 2323 cum
548 2289 610 2323 eo
683 2272 914 2324 atroclus
953 2273 1354 2325 circumstantes
1392 2291 1556 2342 genas
1594 2281 1755 2342 atque
1794 2291 1904 2326 om·

297 2359 421 2392 nem
458 2341 664 2393 vultum
713 2342 944 2409 iuvenis,
992 2361 1182 2395 manus
1219 2342 1541 2411 adosculari,
1591 2343 1903 2413 contingere
1941 2355 1956 2416 dj

298 2429 498 2480 genua,
537 2411 735 2464 rediret
779 2414 837 2463 in
874 2414 1102 2480 gratiam
1147 2416 1306 2481 atque
1355 2413 1564 2465 animos
1611 2413 1906 2467 remitteret
1934 2416 1956 2449 (ἲ

298 2499 418 2532 cum
454 2485 674 2549 propter
710 2486 1039 2550 praesenteS‚
1080 2483 1172 2550 qui
1210 2501 1332 2535 eum
1370 2486 1578 2535 oratum
1615 2483 1928 2553 venissent,

295 2555 411 2602 tum
457 2553 741 2620 praecipue
800 2553 868 2604 ob
925 2553 1061 2604 bene
1118 2553 1180 2605 de
1236 2571 1291 2604 se
1338 2553 1584 2604 meritum
1641 2552 1905 2621 reliquum

235 2636 276 2667 35
301 2622 604 2674 exercitum.

410 2836 435 2875 3
473 2835 564 2874 iam
598 2842 698 2886 post
736 2835 868 2874 multi
906 2847 1018 2875 eras.
1061 2836 1102 2875 in
1143 2835 1178 2875 G
1302 2836 1353 2875 31
1393 2847 1530 2876 manu
1571 2835 1605 2876 G
1670 2846 1833 2875 manus
1862 2833 1904 2873 B

296 2902 548 2942 manusque
580 2892 678 2931 edit.
719 2891 867 2935 Vener.
898 2892 1022 2931 1499.

1940 2798 1956 2821 ξ

1947 2873 1956 2898 ἱ
