1956 3178
222 591 246 622 5

205 959 247 989 10

204 1692 250 1722 20

275 163 340 216 12
653 171 660 175 “
816 163 1078 207 DARETIS
1115 163 1369 209 PHRYGII

271 301 421 336 suam
453 282 689 335 Helenae
722 283 886 335 filiam
928 283 1272 338 adduxerant.
1346 285 1508 355 Argis
1539 287 1763 340 Iunonis
1802 287 1914 340 dies

266 357 436 409 festus
476 360 591 409 erat
627 356 712 409 his
753 357 960 423 diebus,
1006 357 1198 426 quibus
1238 357 1540 412 Alexander
1576 360 1635 412 in
1681 361 1913 413 insulam

270 429 587 498 Cytheream
641 431 808 498 venit,
861 431 954 483 ubi
1003 431 1188 482 fanum
1243 430 1467 484 Veneris
1516 437 1654 486 erat:
1708 432 1914 487 Dianae

273 503 600 556 sacrificavit.
648 504 704 555 hi
730 504 822 573 qui
844 505 902 556 in
925 505 1102 556 insula
1126 509 1299 572 erant,
1332 506 1667 560 mirabantur
1690 507 1914 560 classem

270 577 497 646 regiam,
550 578 959 647 interrogabant
1004 579 1071 630 ab
1119 578 1247 646 illis,
1300 580 1390 648 qui
1436 597 1556 632 cum
1606 581 1912 633 Alexandro

270 654 548 717 venerant,
595 651 687 720 qui
733 655 933 717 essent,
981 651 1108 721 quid
1156 652 1440 706 venissent.
1510 650 1915 723 ‘responderunt

270 723 350 775 illi
396 742 428 776 a
466 723 682 777 Priamo
730 742 853 794 rege
892 724 1258 777 Alexandrum
1304 726 1542 795 legatum
1580 728 1805 780 missum
1848 727 1916 779 ad

273 796 550 850 Castorem
589 802 644 850 et
681 798 975 866 Pollucem,
1014 802 1076 851 ut
1113 817 1203 851 eos
1244 800 1566 853 conveniret.

418 870 482 923 X.
558 870 633 923 At
663 871 870 924 Helena
908 890 1032 925 vero
1065 872 1295 924 Menelai
1327 892 1481 942 uxor,
1525 892 1646 926 cum
1683 874 1915 926 Alexan·

273 944 365 996 der
402 944 460 995 in
498 945 675 996 insula
710 943 972 1013 Cytherea
1012 949 1169 1014 esset,
1211 947 1414 1014 placuit
1451 947 1500 999 ei
1538 965 1600 1000 eo
1639 947 1733 999 ire.
1809 965 1915 1016 qua

272 1018 335 1069 de
368 1036 528 1070 causa
552 1018 619 1069 ad
651 1019 778 1070 litus
810 1019 1084 1087 processit.
1140 1019 1396 1087 o'ppidum
1422 1020 1488 1072 ad
1523 1039 1670 1073 mare
1703 1023 1786 1072 est
1807 1019 1913 1072 He-

270 1091 409 1158 laea,
463 1091 556 1142 ubi
601 1090 808 1143 Dianae
855 1096 909 1144 et
954 1092 1223 1159 Apollinis
1268 1093 1455 1145 fanum
1501 1097 1596 1146 est.
1678 1093 1754 1145 ibi
1802 1110 1916 1144 rem

272 1164 506 1215 divinam
542 1163 750 1216 Helena
779 1164 952 1217 facere
985 1165 1333 1232 disposuerat.
1388 1166 1528 1234 quod
1559 1167 1652 1218 ubi
1681 1165 1912 1218 Alexan-

273 1237 367 1288 dro
399 1237 707 1289 nuntiatum
739 1240 822 1290 est
844 1237 1104 1290 Helenam
1138 1238 1205 1290 ad
1235 1256 1381 1290 mare
1410 1239 1641 1307 venisse,
1672 1239 1915 1291 conscius

229 1323 248 1355 5
272 1310 475 1362 formae
509 1328 632 1362 suae
663 1311 721 1362 in
745 1314 1035 1379 conspectu
1059 1312 1171 1363 eius
1196 1311 1468 1364 ambulare
1499 1313 1675 1381 coepit
1697 1312 1916 1380 cupiens

274 1400 392 1435 eam
408 1384 600 1436 videre.
646 1383 883 1436 Helenae
900 1385 1208 1437 nuntiatum
1232 1388 1313 1437 est
1335 1385 1699 1438 Alexandrum
1715 1385 1918 1438 Priami

273 1457 416 1526 regis
471 1457 639 1509 filium
693 1458 761 1510 ad
812 1457 1071 1510 Helaeam
1126 1458 1401 1526 oppidum,
1463 1459 1556 1511 ubi
1615 1459 1735 1528 ipsa
1787 1462 1917 1526 erat,

273 1531 496 1583 venisse
581 1549 739 1600 quem
778 1532 941 1584 etiam
987 1532 1106 1600 ipsa
1143 1532 1319 1584 videre
1358 1532 1619 1616 cupiebat.
1703 1535 1759 1584 et
1795 1549 1917 1584 cum

276 1622 330 1656 se
362 1604 573 1674 utrique
607 1605 987 1674 respexissent,
1028 1606 1186 1658 ambo
1217 1606 1391 1657 forma
1422 1623 1518 1658 sua
1547 1605 1753 1658 incensi
1782 1608 1915 1656 tem·
1949 1622 1956 1623 ’

273 1696 373 1746 pus
421 1678 701 1746 dederunt,
747 1682 807 1730 ut
846 1680 1075 1748 gratiam
1115 1679 1387 1731 referrent.
1463 1679 1767 1731 Alexander
1817 1678 1915 1730 im·

274 1754 447 1819 perat,
478 1755 539 1803 ut
571 1769 756 1804 omnes
787 1753 845 1804 in
876 1753 1103 1804 navibus
1137 1753 1245 1804 sint
1275 1753 1470 1821 parati,
1509 1756 1665 1805 nocte
1693 1752 1916 1804 classem

276 1825 500 1891 solvant,
525 1825 588 1876 de
612 1825 740 1877 fano
757 1824 1021 1878 Helenam
1039 1826 1290 1894 eripiant,
1319 1844 1496 1878 secum
1523 1844 1640 1878 eam
1657 1825 1916 1878 auferant.

277 1898 431 1966 signo
472 1898 596 1950 dato
643 1898 829 1950 fanum
866 1899 1202 1967 invaserunt,
1240 1898 1502 1951 Helenam
1541 1917 1670 1951 non.
1690 1897 1916 1950 invitam

276 1971 531 2039 eripiunt,
577 1972 635 2023 in
672 1973 853 2024 navim
901 1973 1145 2025 deferunt
1183 1976 1237 2024 et
1275 1990 1396 2024 cum
1434 1990 1498 2024 ea
1535 1972 1782 2024 mulieres
1822 1971 1915 2022 ali-

207 2057 251 2089 25
278 2063 408 2113 quas
464 2045 868 2114 depraedantur.
962 2046 1103 2115 quod
1149 2064 1268 2097 cum
1321 2045 1584 2097 Helenam
1638 2045 1917 2112 abreptam

277 2118 531 2186 oppidani
569 2119 850 2186 vidissent,
891 2119 980 2171 diu
1019 2121 1393 2188 pugnaverunt
1431 2136 1551 2172 cum
1593 2117 1915 2182 AlexandrO,

275 2209 342 2242 ne
395 2190 659 2244 Helenam
706 2193 907 2260 eripere
953 2196 1156 2261 posset:
1213 2210 1346 2261 quos
1394 2191 1696 2244 Alexander
1748 2190 1916 2242 fretus

276 2264 541 2317 sociorum
573 2266 913 2317 multitudine
944 2266 1234 2334 superavit,
1266 2265 1451 2317 fanum
1483 2264 1791 2333 expoliavit,
1821 2263 1916 2315 ho-

400 2459 420 2496 1
456 2453 602 2497 filiam
627 2467 709 2498 0111.
737 2454 800 2497 M
806 2453 849 2498 G
870 2455 1001 2499 habet
1031 2454 1077 2497 A
1105 2456 1110 2510 ι
1139 2453 1431 2497 adduxerunt
1455 2453 1516 2496 M
1526 2453 1567 2496 G
1628 2451 1919 2495 adduxerant

277 2512 323 2555 A
385 2512 669 2557 adducentes
692 2512 739 2556 R
766 2512 773 2570 Ι
799 2513 1008 2570 Iunonis]
1042 2513 1086 2557 io
1118 2525 1267 2556 nonus
1301 2511 1363 2554 M
1479 2516 1506 2554 2
1538 2511 1588 2554 111
1617 2523 1700 2554 om.
1725 2509 1770 2552 L
1871 2513 1915 2574 ‘3

277 2569 437 2626 ibique
476 2563 569 2613 Ηο
646 2577 674 2615 4
711 2572 762 2614 111
793 2583 875 2615 om.
910 2571 952 2615 G
1073 2576 1098 2614 5
1137 2571 1317 2627 regiam
1360 2582 1443 2613 om.
1475 2569 1519 2612 L
1637 2573 1663 2612 6
1695 2566 1918 2623 uelquid.

276 2627 324 2671 R
385 2628 467 2684 qui
491 2629 534 2672 G
654 2636 680 2675 9
712 2629 779 2673 At
801 2643 912 2674 uero
937 2629 1027 2673 hel.
1054 2629 1097 2673 G
1218 2634 1272 2672 10
1303 2628 1443 2685 esset]
1469 2627 1675 2672 uenisset
1697 2625 1741 2670 G
1862 2630 1914 2668 11

278 2687 505 2743 oppidum
531 2714 584 2719 -—
611 2688 788 2733 Helaea
833 2701 916 2732 om.
968 2688 1011 2732 G
1046 2690 1050 2742 Ι
1086 2687 1280 2743 Helaea]
1324 2686 1494 2730 helena
1537 2686 1582 2728 L
1731 2689 1785 2728 12
1823 2682 1918 2727 Ubi

279 2745 446 2790 dianae
475 2746 521 2790 B
582 2747 652 2791 ibi
683 2747 726 2790 d.
758 2746 855 2790 LG
977 2752 1028 2790 13
1063 2746 1332 2790 decreuerat
1363 2744 1407 2788 G
1528 2750 1581 2788 15
1613 2743 1732 2800 eius]
1765 2755 1848 2787 suo
1874 2740 1918 2784 G

283 2808 335 2846 17
369 2804 553 2848 heleam
584 2805 627 2848 L
686 2806 903 2850 helenam
944 2805 987 2849 G
1014 2807 1018 2860 Ι
1047 2804 1127 2848 ubi
1157 2804 1262 2860 ipsa
1292 2803 1338 2846 R
1370 2818 1413 2848 u.
1446 2803 1614 2847 helena
1645 2801 1740 2845 LG
1861 2804 1914 2842 19

280 2864 627 2918 conspexissent
665 2863 708 2908 G
828 2869 883 2908 22
922 2863 1149 2908 Helenam
1180 2875 1263 2906 om.
1297 2862 1339 2906 G
1465 2866 1522 2905 25
1554 2859 1679 2917 quod
1716 2857 1799 2902 ubi
1837 2856 1911 2900 G!

279 2923 515 2976 arreptam
546 2922 588 2964 L
709 2928 764 2967 27
797 2936 929 2966 ne
874 2924 1103 2979 posset
1133 2922 1287 2969 malim
1318 2933 1592 2976 eccpunyere
1621 2917 1772 2975 possit
1800 2915 1858 2959 L.
