1956 3178
521 119 600 164 DE
633 118 880 164 EXCIDIO
915 116 1143 162 TROIAE
1175 115 1482 160 HISTORIA.
1762 113 1830 166 37

332 239 530 294 XXXI.
577 240 811 309 Tempus
836 256 1050 309 pugnae
1076 237 1397 307 supervenit.
1455 236 1834 308 Agamemnon

183 314 460 368 Menelaus
499 313 788 367 Diomedes
827 313 968 366 Aiax
1007 312 1296 365 exercitum
1337 311 1584 364 educunt.
1647 313 1835 363 contra

185 388 419 442 Troiani.
502 389 563 442 fit
609 405 810 458 magna
858 387 1067 455 caedes,
1113 389 1387 456 pugnatur
1433 385 1647 454 aeriter,
1693 387 1832 436 uter-

185 481 286 533 que
334 463 595 516 exercitus
642 462 783 515 inter
830 479 884 514 se
934 460 1192 514 saeviunt.
1277 459 1489 512 Troilus
1528 458 1835 512 Menelaum

186 537 412 606 sauciat,
436 537 635 589 multos
660 536 934 611 interficit,
967 539 1170 588 ceteros
1194 534 1456 603 paulatim
1481 532 1833 603 persequitur.
1859 544 1879 577 5

185 629 294 664 nox
317 611 581 680 proelium
607 610 823 663 dirimit.
870 613 1086 679 postera
1111 609 1194 661 die
1219 607 1431 661 Troilus
1457 625 1578 660 cum
1602 607 1834 659 Alexan-

185 685 280 738 dro
315 684 605 737 exercitum
645 683 843 752 educit,
881 687 1071 736 contra
1110 700 1296 736 omnes
1328 681 1519 752 Argivi
1554 681 1836 751 prodeunt,

186 758 378 811 acriter
415 762 702 828 pugnatur.
758 757 970 811 Troilus
1001 756 1302 810 Diomeden
1335 756 1562 825 sauciat,
1601 755 1660 807 in
1690 754 1835 825 Aga—

183 849 528 885 memnonem
590 831 981 900 inpressionem
1044 830 1174 883 facit
1226 848 1325 883 nec
1379 849 1490 883 non
1546 833 1600 882 et
1657 829 1836 898 ipsum

185 905 410 974 sauciat,
458 906 689 976 Argivos
737 905 924 958 caedit.
1010 922 1105 973 per
1151 904 1356 974 aliquot
1404 904 1515 956 dies
1563 906 1836 973 pugnatur
1861 915 1903 947 10

185 979 400 1048 acriter,
447 980 618 1032 multa
656 979 804 1031 milia
842 979 1123 1032 hominum
1163 996 1227 1030 ex
1266 982 1493 1048 utraque
1532 981 1686 1046 parte
1725 980 1835 1029 tru—

185 1053 445 1106 cidantur.
549 1053 928 1123 Agamemnon
989 1056 1050 1104 ut
1110 1052 1244 1104 vidit
1304 1052 1564 1105 maiorem
1625 1054 1836 1121 partem

185 1127 445 1180 exercitus
510 1145 564 1179 se
628 1127 820 1180 cotidie
884 1126 1127 1179 amittere
1193 1143 1291 1179 nec
1359 1125 1599 1179 sufficere
1662 1143 1836 1194 posse,

183 1201 321 1270 petit
374 1201 611 1253 indutias
674 1201 731 1253 in
786 1218 877 1253 sex
932 1218 1158 1253 menses
1248 1199 1496 1252 Priamus
1553 1199 1837 1252 consilium

185 1275 352 1344 cogit,
398 1274 601 1327 indicat
654 1275 980 1345 Argivorum
1037 1274 1312 1327 desideria.
1404 1273 1617 1326 Troilus
1671 1278 1836 1343 negat
1861 1285 1902 1318 15

186 1348 376 1401 debere
417 1348 532 1401 dari
570 1352 683 1401 tam
723 1350 886 1418 longo
934 1352 1174 1417 tempore
1214 1348 1475 1417 indutiaS‚
1525 1348 1617 1400 sed
1655 1348 1836 1417 potius

183 1422 575 1491 inpressionem
637 1423 774 1490 fieri⁷
849 1441 1012 1475 naves
1074 1422 1302 1475 incendi.
1399 1421 1647 1475 Priamus
1710 1422 1837 1492 quid

184 1497 373 1566 cuique
425 1496 670 1548 videatur
723 1497 894 1549 dicere
950 1497 1193 1565 imperat.
1226 1497 1528 1561 „omnibus
1577 1496 1837 1565 placitum

184 1573 267 1622 est
307 1569 497 1622 debere
536 1570 650 1622 fieri
691 1571 833 1640 quod
872 1571 1062 1640 Argivi
1099 1574 1306 1640 petunt.
1363 1569 1610 1623 Priamus
1650 1570 1833 1640 itaque

183 1644 240 1695 in
281 1661 372 1695 sex
406 1661 617 1696 menses
648 1644 884 1697 indutias
919 1644 1077 1697 dedit.
1129 1643 1508 1714 Agamemnon
1545 1644 1837 1697 honorifice
1863 1656 1905 1689 20

185 1735 309 1770 suos
348 1717 681 1787 sepeliendos
715 1722 884 1786 curat,
917 1717 1215 1771 Diomeden
1239 1718 1543 1771 Menelaum
1571 1717 1837 1772 sauciatos

183 1795 349 1844 curat.
427 1791 646 1844 Troiani
686 1811 810 1845 suos
859 1810 1024 1862 aeque
1074 1793 1354 1862 sepeliunt.
1432 1793 1558 1845 dum
1597 1792 1837 1845 indutiae

184 1869 331 1934 sunt,
381 1883 444 1917 ex
484 1866 694 1918 consilii
735 1867 1002 1918 sententia
1040 1866 1421 1936 Agamemnon
1461 1866 1528 1919 ad
1567 1865 1836 1919 Achillem

180 1939 556 2008 proficiscitur,
596 1944 656 1992 ut
690 1959 812 1992 eum
846 1940 912 1992 ad
951 1957 1191 2010 pugnam
1223 1944 1543 2009 provocaret.
1598 1940 1836 1994 Achilles

179 2012 350 2066 tristis
397 2031 595 2083 negare
644 2014 820 2083 coepit
875 2032 930 2066 se
963 2014 1322 2083 proditurum,
1371 2015 1462 2068 sed
1498 2032 1686 2083 pacem
1724 2015 1836 2085 peti
1858 2026 1904 2060 25

299 2193 324 2231 2
374 2188 479 2232 aiax
519 2188 755 2233 diomedes
790 2188 832 2232 G
970 2194 995 2233 3
1028 2188 1236 2234 troianos
1279 2189 1323 2233 L
1361 2193 1366 2244 1
1405 2190 1592 2246 utrique
1637 2189 1679 2235 G
1807 2196 1835 2235 4

179 2247 316 2299 intra.¹
345 2247 409 2290 L¹
550 2253 576 2292 5
620 2249 708 2292 cet.
751 2247 876 2305 paul.
908 2248 1050 2306 pers]
1089 2248 1278 2306 argiuos
1321 2249 1370 2293 in
1414 2252 1572 2294 castra
1612 2248 1751 2307 fugat
1793 2249 1836 2294 G

180 2311 205 2350 6
247 2307 295 2350 et
334 2306 452 2350 alex.
498 2319 643 2351 exerc.
686 2306 892 2351 educunt
933 2306 975 2351 G
1097 2313 1120 2352 7
1161 2321 1260 2366 arg.
1305 2321 1464 2352 omnes
1505 2307 1547 2353 G
1669 2313 1695 2354 8
1741 2322 1834 2354 aer.

179 2365 416 2421 utrimque
442 2364 499 2422 G>
605 2371 630 2410 9
664 2367 712 2410 et
734 2366 781 2409 B
842 2365 987 2410 etiam
1011 2365 1107 2411 LG
1230 2373 1284 2412 10
1318 2362 1443 2411 cedit
1466 2366 1510 2412 G
1536 2368 1542 2423 Ι
1571 2366 1766 2424 aliquod
1792 2368 1835 2413 G

182 2429 236 2468 13
280 2437 427 2469 exerc.
473 2426 584 2469 cott.
627 2438 716 2469 am.
751 2439 799 2469 se
833 2424 875 2469 G
913 2425 919 2483 Ι
958 2439 1109 2482 neque
1154 2425 1197 2470 G
1331 2431 1387 2470 14
1430 2425 1582 2471 mittit
1622 2426 1837 2472 inducias

178 2485 339 2540 petere
370 2483 420 2528 in
452 2497 533 2529 sex
565 2483 607 2528 G
732 2490 784 2528 15
819 2483 1012 2528 Troiani
1047 2488 1226 2543 negant
1256 2484 1352 2529 LG
1413 2484 1581 2530 troilus
1613 2488 1760 2544 negat
1789 2485 1836 2531 R

182 2547 236 2587 18
275 2542 431 2588 dicere
469 2543 673 2600 imperat
713 2557 755 2600 q.
797 2543 873 2588 cui
904 2543 998 2587 uid.
1034 2543 1077 2588 G
1199 2549 1252 2588 19
1295 2543 1459 2600 itaque
1496 2557 1579 2589 om.
1614 2543 1658 2589 G
1779 2550 1836 2590 20

177 2600 228 2644 in
260 2614 339 2646 sex
369 2615 552 2647 menses
584 2615 666 2647 om.
700 2602 743 2646 L
779 2605 785 2659 Ι
821 2602 970 2661 dedit]
997 2602 1113 2646 facit
1145 2602 1188 2647 G
1223 2607 1227 2655 ι
1266 2616 1373 2647 suos
1417 2602 1579 2648 honor.
1614 2603 1657 2648 G
1777 2609 1831 2648 21

179 2659 360 2705 saucios
392 2659 435 2705 G
555 2666 610 2705 22
655 2661 786 2720 dum]
812 2661 873 2706 he
909 2661 1021 2706 dum
1054 2661 1096 2706 G
1217 2667 1273 2706 23
1307 2675 1381 2720 ag.
1416 2676 1471 2707 ex
1505 2661 1700 2707 consilio
1734 2676 1833 2708 sen-

177 2718 356 2764 tentiae
388 2719 431 2764 G
551 2726 608 2764 24
646 2734 752 2789 cum
792 2723 976 2766 nestore
1019 2721 1124 2765 add.
1167 2720 1209 2765 G
1249 2726 1354 2766 ante
1392 2721 1705 2778 proficiscitur
1740 2724 1745 2778 Ι
1780 2725 1836 2767 ut

177 2780 861 2895 gaggrlegtngguzdzzdssnexbffio
869 2779 1194 2896 pliiloijissiliietGe
1219 2781 1762 2898 gjtmzigaerpeszsrizzgeret
1775 2781 1835 2886 215!

177 2896 369 2954 negare]
397 2909 565 2954 rogare
597 2897 640 2940 L
668 2899 673 2952 1
701 2911 794 2942 non
827 2898 933 2942 add.
966 2897 1010 2940 L
1034 2902 1141 2954 post
1172 2912 1234 2942 se.
