1956 3178
463 133 542 178 DE
575 131 821 180 EXCIDIO
857 131 1080 178 TROIAE
1113 129 1412 176 HISTORIA.
1742 130 1770 181 7

122 255 312 309 Peleus
350 255 586 324 hospitio
625 255 804 308 triduo
836 254 1061 323 recepit,
1101 253 1185 306 die
1211 254 1402 322 quarto
1439 254 1599 322 rogat
1638 267 1775 319 eum,

123 330 250 399 quid
287 330 507 382 venerit.
568 328 816 382 Antenor
855 328 984 381 dicit
1023 344 1159 398 quae
1200 345 1231 379 a
1261 325 1479 379 Priamo
1518 324 1776 378 mandata

122 408 297 471 erant,
347 407 408 456 ut
446 402 637 456 Graios
686 403 1005 472 postularet,
1058 405 1119 454 ut
1164 399 1407 454 Hesiona
1453 399 1775 453 redderetur.

120 478 253 531 haec
290 478 383 531 ubi
422 476 612 530 Peleus
653 477 878 545 audivit,
926 475 1160 546 graviter
1204 474 1330 527 tulit
1369 477 1423 526 et
1469 473 1612 544 quod
1642 473 1776 526 11300

123 552 190 604 ad
237 569 292 605 se
337 551 604 621 pertinere
650 519 888 619 videbat',
933 550 1084 603 iubet
1138 567 1258 602 eum
1307 548 1371 601 de
1417 547 1615 601 finibus
1664 547 1774 600 suis
1799 559 1820 592 5

122 626 402 679 discedere.
474 625 721 678 Antenor
777 593 914 677 nihil
976 627 1216 676 moratus
1274 622 1455 675 navim
1521 621 1777 691 ascendit,

124 700 414 752 secundum
462 698 744 752 Boeotiam
792 699 896 751 iter
943 698 1091 765 fecit,
1141 695 1471 750 Salaminam
1524 695 1776 748 advectus

124 779 207 826 est
256 773 323 826 ad
374 772 745 842 Telamonem,
795 789 987 842 rogare
1039 789 1160 824 eum
1211 771 1409 839 coepit,
1460 773 1521 822 ut
1559 769 1776 822 Priamo

122 846 416 900 Hesionam
457 863 695 900 sororem
741 846 1007 899 redderet:
1054 863 1167 899 non
1206 844 1350 896 enim
1390 861 1506 896 esse
1547 860 1777 913 aequum

122 922 180 974 in
227 921 481 974 servitute
525 920 724 973 habere
763 920 898 990 regii
938 920 1149 990 generis
1188 918 1438 988 puellam.
1515 917 1776 970 Telamon
1802 929 1845 961 10

122 994 388 1048 Antenori
441 994 721 1064 respondit
772 994 909 1046 nihil
963 1011 996 1046 a
1050 1011 1106 1046 se
1155 992 1372 1045 Priamo
1410 991 1637 1059 factum,
1686 991 1779 1044 sed

125 1068 268 1138 quod
312 1068 528 1121 virtutis
576 1086 737 1121 eausa
784 1068 886 1120 sibi
926 1067 1185 1120 donatum
1226 1067 1297 1119 sit
1347 1083 1403 1118 se
1442 1066 1648 1118 nemini
1688 1065 1776 1118 (13-

122 1146 328 1195 turum:
369 1142 438 1195 ob
477 1142 579 1195 hoc
618 1140 951 1195 Antenorem
992 1142 1054 1194 de
1094 1141 1274 1194 insula
1313 1140 1580 1193 discedere
1614 1140 1777 1192 iubet.

122 1215 370 1269 Antenor
413 1217 596 1268 navim
644 1216 955 1268 conscendit
1008 1219 1062 1268 et
1107 1215 1165 1267 in
1213 1213 1474 1267 Achaiam
1518 1213 1776 1282 pervenit.

122 1289 246 1342 inde
285 1290 353 1342 ad
391 1288 670 1343 Castorem
711 1293 764 1342 et
803 1289 1075 1342 Pollucem
1122 1289 1329 1341 delatus
1370 1288 1548 1357 coepit
1586 1287 1654 1340 ab
1693 1287 1778 1340 his
1805 1299 1847 1332 15

122 1363 417 1432 postulare,
473 1367 534 1416 ut
586 1363 804 1416 Priamo
853 1363 1225 1416 satisfacerent
1271 1365 1325 1414 et
1379 1363 1426 1414 ei
1480 1360 1780 1414 Hesionam

127 1455 365 1491 sororem
405 1437 700 1490 redderent.
775 1436 967 1490 Castor
1005 1440 1059 1490 et
1096 1436 1289 1490 Pollux
1328 1439 1663 1506 negaverunt
1700 1436 1780 1488 in·

59 1515 61 1519 ‘
124 1510 317 1563 iuriam
342 1510 560 1564 Priamo
602 1511 798 1564 factam
839 1528 977 1579 esse,
1021 1510 1354 1564 Antenorem
1394 1509 1663 1563 discedere
1702 1510 1781 1562 iu-

124 1585 268 1638 bent.
343 1585 468 1637 inde
506 1584 699 1654 Pylum
740 1585 806 1637 ad
845 1583 1131 1638 Nestorem
1170 1584 1342 1651 venit,
1390 1583 1525 1636 dixit
1561 1582 1781 1636 Nestori

125 1676 232 1727 qua
278 1658 342 1711 de
382 1676 543 1711 causa
588 1659 839 1711 venisset.
917 1659 1009 1728 qui
1047 1663 1109 1711 ut
1157 1658 1361 1710 audivit
1400 1658 1576 1727 coepit
1613 1657 1779 1711 Ante·
1806 1670 1850 1702 20

124 1749 313 1784 norem
354 1732 660 1802 obiurgare,
707 1750 800 1786 cur
847 1750 1008 1785 ausus
1050 1732 1120 1785 sit
1165 1732 1223 1784 in
1262 1730 1544 1785 Graeciam
1583 1732 1781 1802 venire,

126 1823 246 1858 cum
287 1823 319 1858 3
356 1804 661 1876 Phrygibus
701 1807 906 1875 priores
947 1804 1137 1859 Graeci
1175 1806 1308 1859 laesi
1346 1806 1591 1858 fuissent.
1668 1806 1780 1859 An-

123 1883 281 1932 tenor
325 1879 419 1932 ubi
458 1880 594 1932 uidit
638 1880 775 1933 nihil
822 1898 877 1933 se
927 1880 1244 1948 impetrasse
1292 1883 1347 1933 et
1394 1880 1781 1934 contumeliose

126 1952 445 2020 [Priamum]
478 1954 720 2022 tractari,
759 1954 942 2006 navim
982 1954 1315 2023 conscendit,
1355 1954 1575 2006 domum
1608 1971 1779 2007 rever-

124 2045 213 2079 sus
255 2030 350 2080 est.
426 2026 643 2080 Priamo
689 2028 804 2098 regi
844 2028 1198 2097 demonstrat,
1243 2027 1373 2097 quid
1410 2027 1778 2098 unusquisque
1804 2040 1848 2072 25

247 2146 269 2185 1
316 2155 455 2198 accep
458 2142 498 2187 it
540 2143 603 2186 Μ
674 2144 876 2200 suscepit
916 2144 959 2189 G
1026 2157 1162 2202 recep
1165 2143 1205 2188 it
1241 2142 1288 2187 R
1425 2149 1450 2188 2
1499 2143 1681 2189 ueniret-
1722 2145 1785 2189 M

122 2201 244 2245 solus
272 2202 276 2255 1
305 2200 452 2244 die—
471 2201 656 2246 uenerit
687 2215 769 2247 om.
813 2202 855 2246 G
883 2204 887 2258 Ι
923 2215 980 2247 03
1021 2216 1140 2260 quae
1181 2202 1224 2247 G
1352 2207 1378 2247 3
1410 2203 1635 2248 reddatur
1668 2204 1730 2248 M
1739 2205 1783 2249 G

121 2261 309 2303 tantum
339 2259 612 2304 redderetur
634 2260 681 2305 R
802 2266 830 2306 4
861 2261 975 2306 tulit
1006 2275 1060 2307 eo
1093 2262 1217 2319 quod
1250 2261 1294 2306 G
1321 2264 1325 2318 Ι
1354 2262 1470 2307 11300
1503 2263 1563 2306 3(1
1605 2276 1653 2307 se
1681 2263 1787 2307 DV

121 2332 204 2362 om.
232 2318 296 2363 M
351 2318 469 2363 11300
492 2319 717 2376 pertineri
742 2320 802 2364 ad
826 2334 874 2365 se
900 2321 942 2365 G
1057 2325 1082 2364 5
1106 2321 1358 2366 uidebatur
1384 2321 1447 2364 M
1496 2320 1783 2366 uidebantur

121 2376 225 2421 DV
249 2380 253 2432 Ι
282 2377 377 2422 suis
409 2390 492 2422 om.
528 2379 591 2422 M
719 2384 743 2423 7
776 2379 984 2424 boetiam
1011 2380 1075 2424 M
1130 2380 1344 2425 boeciam
1378 2379 1420 2424 G
1449 2383 1453 2436 Ι
1483 2380 1713 2426 salamina
1738 2382 1782 2427 G

123 2441 344 2503 aequum
369 2450 468 2482 esse
494 2437 574 2481 diu
593 2437 636 2482 G
697 2451 798 2483 esse
823 2438 1033 2484 debitum
1052 2439 1116 2484 M
1222 2445 1277 2484 10
1303 2439 1579 2484 seruitutem
1605 2439 1647 2485 G
1676 2443 1680 2495 Ι
1709 2454 1782 2486 re-

122 2508 251 2552 glam
283 2495 491 2553 puellam
523 2496 567 2541 G
690 2501 743 2542 12
785 2498 925 2555 quod]
959 2498 1182 2556 quoniam
1221 2499 1284 2542 M
1315 2500 1321 2551 1
1357 2497 1449 2542 sibi
1480 2511 1562 2543 om.
1599 2499 1662 2543 M
1695 2501 1700 2554 Ι
1737 2514 1784 2545 se

124 2567 208 2599 om.
243 2554 307 2598 M
425 2560 478 2600 13
518 2555 651 2600 iubet
682 2558 730 2601 et
771 2557 835 2600 M
954 2563 1009 2602 14
1040 2558 1250 2602 Antenor
1275 2583 1330 2589 -
1360 2557 1578 2614 peruenit
1616 2571 1699 2603 om.
1742 2559 1785 2604 G
1874 2574 1884 2582 ²

125 2617 416 2680 17·sororem
448 2627 531 2659 om.
558 2614 601 2659 G
725 2620 777 2660 18
809 2615 839 2661 f
874 2629 911 2661 e.
946 2631 1014 2674 pr.
1047 2617 1128 2661 sed
1159 2616 1509 2661 laomedontem
1542 2630 1620 2662 eos
1653 2617 1784 2674 prius

120 2671 283 2716 lesisse
315 2671 359 2717 G
477 2678 531 2717 21
568 2676 692 2718 esset
723 2674 767 2719 G
888 2680 943 2720 22
978 2675 1143 2720 Graeci
1174 2689 1257 2720 om.
1286 2675 1349 2719 M
1467 2681 1523 2720 23
1551 2676 1633 2721 ubi
1657 2677 1781 2722 uidit

122 2733 216 2774 ant.
241 2730 287 2774 B
348 2731 430 2776 ubi
460 2731 642 2776 audiuit
674 2734 867 2778 31111111
926 2736 1124 2778 antenor
1163 2734 1245 2778 ubi
1278 2734 1463 2778 audiuit
1495 2734 1537 2779 G
1572 2740 1779 2781 nost-rum

120 2791 287 2845 scripsi
317 2803 372 2834 ex
401 2790 447 2834 B
472 2795 512 2834 et
536 2790 579 2835 G
606 2793 611 2845 1
639 2794 688 2836 et
711 2806 759 2837 se
783 2795 831 2837 et
861 2793 934 2838 Pr.
962 2796 1083 2838 cont.
1108 2792 1160 2836 F
1278 2798 1335 2836 24
1366 2793 1614 2838 Priamum
1646 2797 1779 2840 uncis

120 2848 290 2963 zitlclusi
317 2850 322 2904 Ι
349 2850 549 2951 tracltare
582 2850 645 2894 M
669 2852 674 2907 Ι
701 2864 750 2894 as
732 2851 909 2896 <cendit
948 2851 990 2896 G
1112 2857 1167 2897 25
1201 2852 1434 2909 quomodo
1469 2853 1581 2898 ΜΘ
1644 2855 1779 2911 quod

226 2920 308 2952 lnos
340 2923 437 2963 qm(
