1956 3178
233 155 304 209 50
779 155 1046 201 DARETIS
1075 156 1331 203 PHRYGII

231 277 290 328 in
328 276 458 329 aede
495 275 769 328 Minervae
810 276 1096 330 occultant.
1163 279 1282 330 tota
1318 280 1476 331 nocte
1514 296 1626 332 non
1665 282 1885 333 cessant
1932 297 1939 300 ·

231 349 421 420 Argivi
460 350 736 402 devastare
774 349 1105 420 praedasque
1143 350 1331 404 facere.

379 423 546 476 XLII.
622 423 918 493 Postquam
950 424 1061 476 dies
1092 424 1308 493 inluxit,
1345 425 1721 495 Agamemnon
1757 426 1874 478 uni-

231 515 414 550 versos
470 497 628 549 duces
690 497 748 549 in
808 515 927 550 arce
982 501 1270 567 convocat,
1331 499 1431 551 diis
1490 499 1691 569 gratias
1745 499 1875 569 agit,

188 585 209 618 5
234 571 523 623 exercitum
563 571 863 636 conlaudat,
897 589 1111 624 omnem
1146 573 1399 640 praedam
1438 573 1588 626 iubet
1617 572 1675 625 in
1697 573 1877 625 medio

231 645 623 713 reponendam,
663 664 824 715 quam
864 663 984 697 cum
1024 646 1271 698 omnibus
1309 646 1539 715 partitus
1575 649 1658 698 est
1695 646 1878 699 simul-

233 737 334 787 que
370 719 601 771 consulit
628 719 938 788 exercitum,
964 738 1034 771 an
1056 720 1266 789 pla-egat
1288 720 1554 772 Antenori
1585 722 1639 772 et
1659 718 1881 772 Aeneae-

234 795 288 844 et
309 792 395 845 his
422 793 513 862 qui
537 811 646 845 una
669 793 899 862 patriam
923 793 1269 862 prodiderint,
1292 794 1450 846 fidem
1476 793 1707 846 servari(
1727 810 1878 845 exer·

235 866 370 918 citus
401 869 548 919 totus
586 867 886 920 conclamat
922 867 1131 935 placere
1163 867 1279 919 sibi.
1348 868 1529 937 itaque
1569 866 1878 920 convocatis·

165 956 206 987 10
233 940 479 992 omnibus
535 959 632 992 sua
694 940 874 992 omnia
933 940 1120 992 reddit.
1210 940 1457 994 Antenor
1518 943 1676 1010 rogat
1727 939 1872 1009 Aga-

161 1692 203 1723 20

230 1031 593 1082 memnonem,
634 1017 692 1066 ut
728 1014 830 1066 sibi
864 1014 1013 1083 loqui
1051 1014 1233 1066 liceat:
1280 1014 1658 1084 Agamemnon
1699 1013 1870 1066 dicere

230 1086 391 1139 iubet.
488 1087 752 1156 principio
814 1087 1062 1140 omnibus
1117 1086 1437 1157 Graiugenis
1500 1087 1702 1156 gratias
1756 1087 1872 1156 agit

232 1160 494 1230 simulque
580 1163 965 1214 commemorat
1039 1159 1306 1213 Helenum
1383 1164 1446 1213 et
1511 1159 1870 1214 Cassandram

229 1252 416 1302 pacem
480 1252 689 1302 semper
749 1235 893 1303 patri
955 1234 1208 1303 suasisse,
1279 1234 1650 1303 Achillemque
1713 1251 1878 1286 suasu

186 1323 205 1355 5
230 1306 425 1360 Heleni
472 1309 774 1376 sepulturae
822 1308 1088 1360 redditum
1133 1308 1313 1375 fuisse.
1388 1307 1764 1377 Agamemnon
1809 1325 1874 1359 ex

230 1381 439 1434 consilii
495 1383 762 1434 sententia
813 1381 1021 1434 Heleno
1077 1384 1131 1433 et
1183 1380 1514 1435 Cassandrae
1567 1381 1874 1433 libertatem

229 1455 414 1507 reddit.
490 1455 729 1508 Helenus
782 1474 880 1524 pro
930 1453 1154 1508 Hecuba
1207 1459 1261 1508 et
1305 1454 1683 1508 Andromacha
1727 1453 1874 1523 Aga·

229 1547 569 1582 memnonem
624 1530 938 1598 deprecatur
1000 1532 1484 1598 commemoratque
1541 1545 1750 1596 semper
1803 1527 1872 1579 ab

228 1602 312 1654 his
359 1621 474 1655 esse
522 1603 787 1655 dilectum.
872 1603 1034 1655 etiam
1087 1603 1171 1655 his
1232 1621 1295 1654 ex
1342 1602 1551 1655 consilii
1606 1600 1872 1653 sententia

228 1676 447 1729 libertas
487 1694 740 1729 concessa
778 1678 873 1730 est.
934 1676 1138 1728 interea
1176 1676 1434 1745 praedam
1474 1692 1688 1728 0111110111
1727 1691 1869 1726 exer-

347 1884 372 1922 2
406 1879 721 1935 praedamque
753 1878 799 1922 R
833 1880 840 1934 Ι
874 1879 1120 1936 exportare
1157 1877 1200 1922 G
1327 1884 1353 1923 3
1387 1877 1485 1922 dies
1526 1891 1608 1922 om.
1647 1877 1690 1922 G
1715 1878 1722 1931 1
1748 1877 1871 1921 luxit

227 1938 271 1981 L
330 1938 488 1982 illuxit
517 1938 583 1980 L2
610 1940 615 1994 Ι
643 1951 803 1982 omnes
843 1937 885 1982 G
1004 1943 1032 1981 4
1064 1951 1170 1981 arce
1200 1937 1438 1981 Mineruae
1479 1936 1521 1980 G
1548 1939 1554 1992 1
1581 1936 1649 1980 ait
1680 1936 1723 1980 G
1841 1941 1869 1980 5

227 1997 278 2040 in
323 1997 530 2041 medium
569 1996 612 2041 G
742 2002 767 2041 6
806 1996 1124 2053 reponendam
1162 2009 1302 2051 quem
1341 2009 1446 2040 011111
1483 1995 1527 2038 L
1598 1994 1761 2039 referri
1799 1994 1870 2038 ait

228 2069 276 2100 se
314 2055 492 2113 pariter
536 2069 642 2099 011111
683 2056 725 2100 G
767 2058 772 2111 1
810 2055 1097 2112 partiturum
1143 2054 1350 2110 satisque
1383 2053 1617 2097 facturum
1665 2053 1707 2097 G
1842 2058 1866 2096 7

228 2115 459 2170 simulque
491 2128 575 2159 om.
609 2115 651 2158 G
678 2116 683 2171 1
712 2116 760 2158 et
790 2128 874 2158 om.
907 2114 950 2158 G
1063 2120 1089 2159 8
1122 2116 1170 2158 et
1200 2113 1273 2158 his
1304 2117 1346 2157 et
1374 2126 1469 2156 una
1500 2125 1582 2156 om.
1611 2111 1656 2155 L
1682 2113 1687 2166 Ι
1715 2110 1870 2168 prodi-

228 2174 394 2217 derant
419 2173 462 2217 G
489 2174 495 2230 Ι
523 2174 647 2229 quod
678 2173 772 2229 ipsi
803 2173 1017 2217 ductores
1049 2172 1098 2216 in
1129 2171 1436 2216 clamdestino
1476 2171 1882 2215 confirmauerunt.

229 2233 334 2276 add.
369 2232 412 2276 G
442 2236 547 2276 ante
578 2232 716 2276 fidem
748 2231 925 2276 seruari
1031 2237 1057 2276 9
1090 2230 1180 2275 sibi
1210 2231 1253 2273 L
1282 2231 1335 2273 in
1357 2243 1499 2286 marg).
1535 2229 1541 2287 Ι
1576 2228 1864 2274 conuocatis-

1530 2299 1557 2321 u

229 2349 318 2391 que
351 2334 566 2379 omnibus
608 2333 829 2378 uniuersa
868 2348 988 2390 quae
1029 2348 1114 2378 sua
1145 2334 1278 2378 erant
1311 2331 1611 2376 reddiderant
1646 2331 1691 2374 L
1812 2335 1871 2374 11-

229 2394 380 2439 dicere
414 2393 457 2438 G
490 2396 496 2449 1
531 2393 718 2450 placeat
762 2393 806 2435 L
937 2398 990 2436 12
1035 2408 1104 2449 pr.
1149 2394 1345 2436 antenor
1383 2406 1451 2448 gr.
1484 2390 1600 2448 grai.
1627 2404 1754 2434 omn.
1788 2388 1861 2451 G}

228 2451 423 2511 graffium
458 2452 502 2495 L
624 2457 677 2495 13
709 2451 926 2496 helenam
959 2452 1001 2495 G
1036 2453 1042 2507 Ι
1077 2450 1328 2495 cassandra
1356 2450 1400 2492 L
1522 2454 1576 2492 14
1607 2461 1787 2505 semper
1819 2463 1865 2505 p.

226 2512 403 2555 bellum
435 2513 535 2568 (om.
570 2513 752 2568 paoem)
786 2509 828 2553 G
862 2511 868 2566 Ι
903 2510 1105 2554 achillen
1145 2509 1187 2554 G
1223 2510 1229 2567 Ι
1265 2522 1406 2553 suasu
1431 2534 1483 2539 —
1506 2507 1668 2564 fuisse]
1716 2507 1866 2562 sepul-

226 2572 359 2614 turae
413 2570 546 2613 reddi
595 2569 815 2614 helenum
861 2567 1066 2612 effecisse
1114 2569 1162 2612 et
1208 2567 1365 2611 omnia
1409 2566 1628 2610 helenum
1667 2565 1783 2609 scire
1823 2564 1867 2609 G

230 2635 284 2672 16
325 2629 516 2672 consilio
550 2627 807 2672 sententiae
849 2627 891 2671 G
1023 2632 1077 2670 17
1108 2625 1314 2670 reddidit
1349 2625 1391 2668 G
1418 2625 1423 2683 Ι
1450 2624 1619 2668 helena
1649 2623 1701 2667 F
1729 2624 1736 2679 1
1770 2623 1864 2668 heL

227 2685 1220 2800 313101ῖοἐῖᾶὲὸῃῗὲἰέὸιξζὲῑῖῃξξὲἓ
1225 2718 1234 2727 ·
1254 2685 1422 2786 5323?ss
1440 2683 1496 2786 ἕῗ
1525 2681 1866 2809 (οηῗῖεἶέῗῧ

230 2811 283 2848 19
325 2805 548 2848 dilectum
585 2804 635 2847 F
667 2803 672 2860 Ι
708 2804 923 2847 etiam—
941 2802 1138 2859 interea]
1171 2802 1492 2858 Agamemnon
1527 2800 1586 2843 ad
1619 2799 1863 2843 consihum

227 2862 403 2964 refert-‚t
439 2862 643 2964 placui}³
654 2862 749 2906 illis
780 2862 1048 2907 libertatem
1078 2859 1212 2905 reddi
1244 2873 1418 2915 suaque
1453 2857 1610 2902 omnia
1641 2857 1685 2901 G
1803 2861 1863 2900 20

228 2935 380 2965 exerci
403 2936 452 2964 111
482 2935 567 2965 om.
647 2955 656 2964 .
