1956 3178
0 0 178 109 affy-1⁸
275 0 285 10 “

0 23 10 62 Ξ
110 34 124 50 z

0 74 7 103 ι·
27 96 29 105 1
52 100 67 116 ,ἡ
80 74 86 82 ⁵
99 71 119 78 γ·

28 119 43 135 x

558 137 746 179 BELLI
775 136 1030 180 TROIANI
1060 138 1179 181 LIB.
1212 138 1295 181 111.
1667 137 1736 190 59

123 262 323 316 nostris
348 279 496 315 more
523 262 683 315 solito
723 262 1014 315 inruerent.
1077 262 1152 315 ita
1176 280 1272 331 per
1301 259 1734 315 distributionem

116 333 301 386 officia
338 351 435 386 sua
471 333 696 402 quisque
731 335 1080 412 procurantes
1127 333 1243 413 igni
1279 332 1513 402 plurimo
1559 333 1618 385 in
1655 351 1734 385 ar-

120 404 222 456 mis
269 405 606 472 pernoctant.
690 406 746 455 at
792 402 925 455 lucis
972 403 1239 472 principio
1285 403 1488 472 placet,
1543 404 1622 457 uti
1671 422 1734 456 ex

116 474 270 527 omni
307 473 500 527 ducum
537 491 761 526 numero
801 473 1038 542 quinque
1087 474 1144 525 in
1182 477 1420 526 montem
1459 446 1610 527 Idam
1648 493 1735 527 va-

122 544 310 598 derent
355 545 543 597 silvam
600 561 835 612 caesum,
895 562 1001 612 qua
1045 543 1326 597 Patroclus
1383 548 1734 598 cremaretur:
1758 562 1779 593 5

118 614 395 667 decretum
444 616 642 683 quippe
690 614 756 666 ab
796 615 1043 667 omnibus
1092 626 1228 682 erat,
1278 615 1440 668 funus
1491 616 1603 668 eius
1640 635 1736 685 pu-

121 686 261 738 blice
307 685 388 737 uti
435 688 725 738 curaretur.
819 685 928 737 iere
986 685 1153 755 igitur
1201 686 1471 738 Ialmenus
1519 687 1736 739 Ascala-

157 755 259 808 hus
314 755 483 824 Epios
541 758 593 808 et
651 774 773 807 cum
811 755 1053 808 Merione
1091 756 1231 808 Aiax
1278 757 1428 809 alter.
1504 775 1736 825 moxque

119 775 306 879 Elixes
345 829 398 879 et
434 826 720 879 Diomedes
758 827 915 879 busto
954 826 1133 878 locum
1180 826 1533 880 dimetiuntur
1583 828 1736 896 quin-

119 914 223 966 que
269 897 543 949 hastarum
593 896 933 966 longitudine
980 896 1311 977 totidemque
1361 898 1418 950 in
1468 900 1735 950 transver-
1760 916 1800 947 ιο

115 985 252 1020 sum.
348 967 568 1020 advecta
616 967 739 1020 dein
794 968 931 1037 ligni
988 968 1143 1036 copia
1197 969 1415 1021 bustum
1473 969 1738 1022 extruitur

123 1038 540 1107 impositumque
588 1037 814 1107 desuper
862 1037 1089 1090 cadaver
1135 1039 1250 1108 igni
1301 1039 1579 1119 supposito
1629 1057 1737 1092 cre-

120 1111 273 1160 mant
309 1113 626 1162 exornatum
672 1110 781 1161 iam
819 1108 1008 1161 decore
1058 1110 1206 1162 omni
1242 1110 1508 1178 pretiosae
1547 1110 1735 1163 vestis:

123 1178 178 1230 id
233 1197 464 1248 namque
518 1178 881 1260 Hippodamia
937 1182 990 1231 et
1045 1178 1340 1232 Diomedea
1402 1184 1735 1249 curaverant,

158 1267 346 1301 uarum
395 1249 689 1302 Diomedea
734 1250 963 1302 nimiiun
1011 1250 1194 1302 iuveni
1243 1253 1297 1302 et
1343 1251 1491 1303 omni
1541 1250 1734 1304 affectu
1761 1269 1800 1301 15

157 1319 317 1372 ilecta
352 1320 542 1372 fuerat.

261 1390 409 1443 ΧΠΙ.
486 1390 735 1444 Ceterum
780 1391 964 1459 paucis
1010 1394 1135 1459 post
1182 1390 1366 1443 diebus
1414 1391 1631 1444 refectis
1671 1411 1735 1444 ex

118 1460 301 1541 labore
339 1461 646 1531 vigiliarum
684 1461 905 1514 ducibus
945 1478 1067 1513 011111
1104 1461 1222 1514 11100
1273 1462 1432 1514 simul
1470 1463 1733 1515 exercitus

120 1531 180 1584 in
216 1549 463 1612 campum
486 1532 778 1600 productus
815 1550 912 1600 per
946 1535 1122 1583 totum
1149 1531 1289 1584 diem
1327 1533 1385 1584 in
1420 1533 1582 1585 armis
1620 1534 1734 1603 agit

119 1602 365 1670 operiens
415 1603 764 1655 barbarorum
811 1601 1114 1654 adventum.
1198 1603 1291 1671 qui
1336 1603 1503 1655 muris
1553 1602 1680 1672 desp
1685 1622 1734 1656 e·
1758 1624 1799 1654 20

120 1675 328 1725 etantes
363 1676 647 1741 postquam
686 1675 900 1725 nostros
936 1675 1152 1741 paratos
1190 1673 1393 1741 proelio
1431 1674 1631 1742 vident,
1672 1692 1734 1727 eo

119 1741 206 1794 die
247 1747 515 1796 certamen
563 1743 832 1823 distulere.
917 1743 994 1795 ita
1032 1761 1224 1796 occasu
1272 1745 1402 1796 solis
1442 1716 1633 1798 Graeci
1671 1746 1738 1797 ad

118 1831 283 1866 naves
333 1814 576 1884 regressi.
661 1816 717 1866 at
763 1814 853 1866 vix
900 1813 1168 1882 principio
1219 1814 1323 1866 diei
1361 1814 1585 1867 Troiani
1631 1816 1736 1868 rati

118 1883 282 1936 etiam
307 1902 451 1937 nunc
489 1884 876 1953 incompositos
905 1883 1156 1952 GraecOS,
1195 1885 1386 1937 armati
1415 1886 1586 1954 portis
1615 1904 1737 1939 evo-

120 1953 237 2007 lant
272 1957 471 2007 temere
498 1959 551 2007 et
588 1973 709 2008 cum
747 1955 982 2023 audacia,
1022 1954 1102 2006 uti
1126 1958 1285 2007 antea
1322 1955 1492 2007 soliti:
1532 1956 1734 2009 instan-
1757 1973 1799 2006 25

121 2029 308 2093 tesque
347 2025 487 2078 circa
512 2026 711 2078 vallum
751 2025 995 2077 certatim
1032 2025 1140 2077 tela
1176 2026 1381 2078 iaciunt
1406 2027 1591 2078 crebra
1627 2045 1736 2079 ma-

123 2095 207 2164 gis
245 2113 406 2164 quam
445 2094 566 2149 cum
604 2096 794 2175 effectu
848 2095 1047 2148 nostris
1093 2095 1160 2147 ad
1199 2095 1477 2149 evitandos
1522 2100 1735 2150 tantum

122 2165 260 2217 ictus
308 2166 633 2234 compositis,
771 2166 875 2218 tur
922 2166 1015 2218 ubi
1062 2165 1128 2217 ad
1166 2166 1395 2219 multum
1443 2167 1583 2220 diem
1619 2168 1736 2220 bar-

124 2235 239 2288 bari
276 2236 472 2288 intenti
510 2185 725 2289 iaculis1
759 2236 860 2288 essi
907 2236 1014 2288 iam
1050 2254 1224 2305 neque
1271 2237 1348 2290 ita
1390 2237 1735 2291 vehementes

120 2305 579 2375 animadvertunt,
628 2325 693 2360 ex
742 2310 895 2376 parte
932 2324 1041 2359 una
1089 2308 1264 2359 nostri
1301 2311 1614 2377 erumpunt,
1654 2309 1732 2360 in·
1757 2325 1800 2357 30

125 2379 504 2446 cursantesque
565 2378 840 2430 sinistrum
905 2377 1044 2430 latus
1111 2377 1348 2430 fundunt
1407 2378 1733 2448 fugantque:

123 2465 298 2527 neque
334 2447 504 2500 multo
544 2451 667 2516 post
705 2466 769 2500 ex
805 2448 911 2501 alio
950 2448 1310 2501 adnuentibus
1348 2449 1456 2501 iam
1494 2449 1735 2502 barbaris

123 2534 185 2569 ac
222 2518 336 2570 sine
374 2518 485 2570 ulla
523 2518 838 2571 difficultate
875 2519 1056 2571 versis,

263 2587 410 2641 XIV.
487 2588 570 2641 Ita
614 2589 834 2658 plurimi
879 2589 1253 2656 barbarorum,
1303 2589 1395 2641 ubi
1432 2592 1585 2660 terga
1621 2608 1736 2642 ver-

239 2761 264 2799 5
296 2771 384 2810 quo
406 2760 447 2799 P
530 2762 584 2800 25
609 2760 800 2801 audatia
825 2760 903 2801 GB
930 2758 937 2813 Ι
962 2762 1096 2800 malim
1130 2763 1263 2800 erant
1295 2760 1420 2800 soliti
1507 2762 1561 2802 27
1587 2765 1735 2802 tanto⁵

121 2814 236 2854 ictus
271 2815 306 2855 G
337 2819 493 2858 tantos
524 2817 644 2857 ictus
664 2816 706 2856 B
736 2823 923 2858 nostrum
948 2818 983 2856 P
1090 2819 1144 2857 30
1176 2817 1352 2857 animos
1382 2820 1568 2857 uertunt
1597 2817 1739 2870 PVop-

122 2870 291 2917 ken-sius
350 2872 779 2913 animaduertuntur
816 2874 1006 2913 Doceria
1128 2874 1181 2914 32
1216 2873 1527 2914 annuentibus
1559 2873 1598 2913 B
1658 2874 1740 2915 ab·

119 2927 377 2981 ‚nuentibus
410 2929 450 2968 P
505 2928 780 2970 abeuntibus
811 2929 1076 2972 Perizonius.
