1956 3178
1432 67 1474 77 ,-

566 125 754 168 BELLI
783 119 1038 167 TROIA‘NI
1066 123 1184 166 LIB.
1213 123 1299 166 111.
1678 121 1748 174 69

131 268 308 320 116(1116
354 250 628 319 cuiquam,
676 268 798 302 cum
835 249 1014 302 orbari
1062 266 1116 301 se
1153 248 1266 301 filio
1312 247 1487 300 aliove
1526 265 1748 301 consan-

134 322 331 392 guineo
371 330 627 389 cerneret,
665 338 777 373 non
802 323 1077 388 acceptam
1114 323 1312 387 tamen,
1351 318 1464 371 solo
1505 319 1748 371 omnium

132 391 448 444 adversante
484 392 764 444 Antenore
841 389 934 458 qui
970 390 1127 442 initio
1175 393 1299 458 post
1335 389 1629 441 Alexandri
1666 407 1747 442 re-

133 461 303 515 ditum
340 462 511 514 filium
559 479 715 514 suum
754 432 1042 528 Glaucum,
1091 460 1234 529 quod
1279 460 1392 512 eius
1430 460 1745 513 comitatum

131 537 388 601 sequutus
427 536 563 596 erat,
614 531 968 584 abdicandum
1014 549 1046 583 a
1082 531 1365 599 penatibus
1413 531 1522 583 suis
1571 530 1744 583 decre·
1767 543 1789 576 5

132 603 294 671 verit,
342 603 426 655 vir
471 602 617 655 domi
662 602 911 670 belloque
959 602 1422 670 prudentissimus,
1509 604 1746 654 ceterum

131 672 258 741 sibi,
298 673 552 742 quoniam
589 672 666 725 ita
711 691 796 725 res
834 675 1075 739 ruerent,
1124 672 1519 740 optatissimum
1556 673 1746 741 adpro-

128 743 390 812 pinquare
426 746 650 797 naturae
687 743 851 796 finem
889 743 1098 796 omissis
1145 743 1253 794 iam
1290 742 1444 812 regni
1482 743 1745 812 guberna-

36 827 40 831 '
127 813 261 881 culis
303 817 464 882 atque
502 832 652 867 cura:
690 817 902 866 tantum
942 831 997 866 se
1035 814 1093 865 in
1117 812 1369 866 Hecubae
1407 812 1744 881 filiarumque

126 884 495 937 recordatione
543 884 792 951 611161311,
850 902 982 952 quas
1038 887 1163 952 post
1217 883 1482 936 excidium
1537 884 1743 952 patriae
1766 896 1808 927 10

127 954 366 1023 captivas
402 955 667 1008 incertum
704 956 854 1007 cuius
892 954 1097 1007 domini
1134 954 1303 1007 fastus
1339 957 1632 1007 manerent.

269 1024 498 1078 XXVII.
585 1024 727 1077 Dein
783 1026 989 1094 omnia,
1048 1043 1183 1093 quae
1245 1025 1311 1076 ad
1371 1024 1742 1084 redimendum

125 1094 298 1148 filium
334 1095 719 1164 advectaverat‚
760 1099 884 1148 ante
923 1099 1269 1164 conspectum
1306 1095 1516 1148 iuvenis
1543 1096 1741 1164 exponi

125 1165 379 1234 imperat:
419 1184 483 1218 ex
530 1166 649 1235 quis
705 1166 959 1235 quicquid
1014 1167 1130 1219 auri
1178 1170 1339 1235 atque
1377 1166 1589 1236 argenti
1635 1166 1742 1219 fuit

124 1235 247 1288 tolli
282 1237 522 1289 Achilles
560 1237 725 1305 iubet,
763 1237 925 1289 vestis
964 1237 1126 1290 etiam
1152 1236 1296 1305 quod
1333 1237 1382 1288 ei
1420 1236 1595 1288 visum
1634 1240 1738 1289 est:
1764 1249 1805 1282 15

125 1306 346 1374 reliquis
395 1307 453 1359 in
502 1326 670 1360 unum
719 1307 956 1360 collectis
995 1307 1327 1376 Polyxenam
1365 1306 1531 1360 donat
1567 1310 1622 1359 et
1659 1325 1741 1360 ca-

126 1375 287 1429 daver
332 1377 565 1431 tradidit.
642 1395 748 1446 quo
795 1381 1011 1446 recepto
1059 1396 1153 1430 rex
1200 1378 1259 1430 in
1305 1378 1606 1448 gratiamne
1644 1378 1742 1430 im-

39 1459 42 1462 ’
122 1447 321 1515 petrati
357 1447 561 1501 funeris
608 1466 678 1501 an
726 1448 771 1500 si
810 1448 939 1517 quid
975 1448 1168 1501 Troiae
1215 1448 1479 1501 accideret
1523 1466 1740 1501 securus

123 1517 232 1569 iam
266 1517 424 1585 filiae,
463 1520 738 1588 amplexus
764 1519 992 1571 Achillis
1031 1536 1209 1588 genua
1235 1523 1369 1588 orat,
1407 1519 1488 1572 uti
1514 1519 1740 1588 Polyxe-

122 1605 250 1640 nam
288 1589 543 1657 suscipiat
589 1589 796 1657 sibique
843 1589 1063 1642 habeat:
1119 1608 1279 1658 super
1315 1608 1476 1657 quam
1524 1589 1734 1642 iuvenis
1758 1601 1800 1634 20

122 1657 269 1711 aliud
315 1661 526 1728 tempus
575 1664 734 1728 atque
773 1659 938 1712 alium
975 1660 1155 1713 locum
1189 1663 1583 1729 tractatumque
1620 1659 1737 1713 fore

121 1728 423 1798 respondit,
471 1731 689 1782 interim
735 1747 856 1782 cum
894 1749 957 1783 eo
1005 1731 1201 1783 reverti
1238 1731 1402 1784 iubet.
1478 1731 1556 1783 ita
1591 1730 1738 1783 Pria-

121 1816 243 1850 mus
279 1803 493 1869 recepto
529 1800 781 1854 Hectoris
820 1800 1075 1853 cadavere
1122 1819 1449 1870 ascensoque
1487 1801 1735 1854 vehiculo

122 1885 244 1921 cum
280 1868 390 1939 his,
430 1871 523 1940 qui
560 1890 616 1924 se
655 1871 896 1924 comitati
935 1876 1112 1940 erant,
1151 1872 1218 1924 ad
1254 1870 1472 1925 Troiam
1510 1871 1663 1925 redit.

551 2168 814 2229 LIBER
860 2168 1289 2244 QUARTUS.

259 2331 301 2384 I.
377 2331 481 2386 Sed
535 2338 821 2404 postquam
879 2335 1125 2389 Troianis
1182 2336 1363 2405 palam
1417 2339 1497 2388 est
1551 2352 1733 2405 regem
1755 2348 1799 2381 25

117 2401 355 2470 perfecto
394 2405 615 2474 negotio
660 2405 981 2460 inviolatum
1023 2412 1183 2476 atque
1220 2407 1435 2476 integro
1475 2406 1733 2459 comitatu

117 2473 354 2542 regredi,
402 2475 668 2528 ammirati
727 2476 1111 2547 laudantesque
1161 2477 1418 2530 Graeciae
1475 2476 1731 2545 pietatem

230 2617 422 2658 XXVII.
456 2618 616 2659 Malal.
652 2621 732 2661 159
764 2621 865 2663 init.
900 2619 1091 2661 Cedren.
1124 2621 1162 2661 P
1195 2622 1289 2665 128.

229 2672 394 2716 1-111.
425 2674 582 2716 Malal.
619 2678 837 2718 159—161
872 2675 1066 2721 Cedren.
1097 2678 1132 2717 P
1166 2678 1259 2719 128.

231 2801 281 2839 11
317 2801 391 2840 cui
425 2801 460 2842 G
485 2801 492 2853 Ι
520 2801 813 2844 fastunerent
845 2803 880 2843 G
940 2803 1110 2843 fastum
1150 2803 1432 2843 sustinerent
1461 2803 1504 2843 B
1542 2808 1730 2843 nostrum

113 2856 237 2953 eacsstt.
254 2862 416 2965 (pleghp
468 2859 521 2899 13
544 2857 879 2899 adnectauerat
911 2860 946 2900 G
1004 2859 1334 2900 aduectauerat
1363 2859 1406 2899 B
1506 2861 1562 2901 20
1593 2871 1729 2912 quam
