1956 3178
541 121 730 163 BELLI
760 121 1018 165 TRoiANI
1048 120 1163 162 Lm.
1197 120 1257 164 11.
1636 117 1707 172 25

89 247 221 316 quin
280 247 541 316 paulatim
601 246 977 301 decedentibus
1048 247 1158 315 his,
1228 264 1362 315 quos
1423 245 1705 298 adversum

0 346 3 349 ·
88 317 288 386 ierant,
327 318 394 370 ad
429 321 760 387 postremum
798 318 977 371 cuncti
1014 318 1347 388 fugarentur.
1423 317 1500 370 ita
1533 316 1704 369 libero

0 399 2 401 ’
88 389 155 442 ab
191 389 438 443 hostibus
482 393 722 458 tempore
772 387 961 441 Graeci
1009 388 1295 441 subductas
1341 406 1506 440 naves
1543 390 1704 456 atque

87 459 146 512 in
183 459 426 513 ordinem
451 459 774 528 compositas
811 462 930 512 tuto
969 459 1269 512 conlocant.
1334 458 1458 511 dein
1493 476 1557 511 ex
1595 476 1684 511 om

86 530 246 584 nibus
283 529 533 583 Achillen
571 533 624 582 et
659 530 881 583 Aiacem
906 530 1295 597 Telamonium,
1334 548 1563 597 quorum
1600 529 1703 582 vir·
1727 544 1749 576 5

86 604 202 654 tute
240 600 469 653 maxime
494 600 753 670 fidebant,
794 601 1040 654 custodes
1067 600 1313 670 deligunt
1337 600 1528 669 hisque
1565 603 1703 653 tute-

86 671 194 724 lam
230 670 478 724 classium
515 674 676 740 atque
724 672 986 725 exercitus
1032 690 1128 740 per
1171 671 1341 724 latera
1387 675 1547 740 atque
1592 689 1706 724 cor·

84 759 194 795 nua
240 741 617 795 distribuentes
663 743 897 796 tradunt.
972 743 1139 812 igitur
1185 741 1444 795 ordinatis
1482 741 1704 809 disposi-

84 812 260 882 tisque
307 812 554 865 omnibus
601 813 893 882 Telephus,
953 813 1103 866 cuius
1160 813 1322 865 ductu
1373 812 1440 864 ad
1486 811 1704 864 Troiam

83 883 397 952 navigatum
443 887 549 951 est,
606 901 803 954 magna
857 884 939 937 sui
995 883 1136 952 apud
1185 883 1476 936 exercitum
1527 882 1703 952 gratia
1727 898 1768 929 10

85 953 302 1007 domum
339 953 576 1007 discedit.
640 973 814 1024 neque
852 955 1022 1008 multo
1070 958 1194 1023 post
1242 954 1383 1009 circa
1417 954 1703 1006 Protesilai

84 1024 413 1094 sepulturam
460 1026 658 1078 nostris
707 1026 978 1095 occupatis
1024 1025 1268 1094 nihilque
1315 1025 1413 1077 tali
1460 1028 1703 1093 tempore

83 1094 280 1148 hostile
325 1096 686 1149 metuentibus
746 1095 982 1165 CycnuS,
1041 1097 1190 1148 cuius
1247 1095 1390 1148 haud
1437 1095 1625 1164 procul
1672 1114 1705 1147 a

84 1165 247 1218 Troia
282 1183 338 1218 re
417 1185 534 1235 um,
581 1167 801 1237 cognito
841 1167 1075 1220 adventu
1112 1170 1324 1235 nostrO,
1365 1166 1502 1218 clam
1539 1170 1699 1234 atque

84 1235 293 1289 insidiis
382 1254 563 1290 raecos
611 1237 819 1290 invadit
865 1256 1062 1306 eosque
1110 1237 1333 1306 ancipiti
1370 1236 1513 1289 malo
1551 1237 1702 1289 terri·
1726 1250 1767 1282 15

82 1310 168 1359 tos
227 1307 341 1360 sine
398 1307 509 1360 ullo
571 1308 757 1361 ordine
805 1326 865 1361 ac
914 1308 1198 1377 disciplina
1243 1307 1465 1360 militari
1512 1307 1701 1377 fugere

82 1377 300 1448 coegit.⁴
350 1376 474 1430 dein
510 1397 737 1447 propere
774 1379 996 1448 reliqui,
1036 1379 1230 1448 quibus
1263 1396 1378 1431 non
1415 1396 1478 1431 ea
1514 1378 1701 1430 huma-

80 1447 159 1500 tio
197 1447 515 1501 demandata
551 1453 690 1519 erat,
739 1468 795 1502 re
835 1450 1053 1521 cognita
1090 1449 1281 1502 armati
1329 1452 1460 1501 eunt
1496 1453 1698 1501 contra.

81 1518 140 1577 in
189 1518 308 1588 quis
354 1518 593 1572 Achilles
652 1538 971 1590 congressus
1027 1539 1148 1573 cum
1196 1538 1322 1590 rege
1371 1537 1598 1588 eumque
1647 1523 1725 1572 et.

81 1606 335 1659 magnam
360 1589 470 1642 vim
494 1589 733 1643 hostium
771 1591 1067 1659 interfecit,
1107 1591 1378 1644 conversis
1416 1591 1474 1642 in
1512 1590 1699 1660 fugam
1723 1605 1765 1636 20

79 1658 184 1712 hoc
220 1659 380 1713 modo
423 1660 677 1715 liberatis

221 1729 370 1783 XIII.
447 1730 695 1784 Ceterum
744 1732 988 1785 sollicitis
1035 1732 1256 1785 ducibus
1307 1735 1360 1784 et
1407 1731 1701 1784 multorum

81 1799 229 1853 clade
268 1802 337 1853 ob
375 1802 584 1855 crebras
610 1803 847 1856 hostium
885 1803 1217 1856 incursiones
1255 1803 1427 1856 anxiis
1466 1802 1701 1855 decerni-

79 1874 194 1940 tur,
232 1870 312 1923 uti
348 1872 579 1941 primum
606 1873 862 1927 finitimas
886 1873 1079 1927 Troiae
1119 1874 1362 1927 civitates
1390 1892 1509 1926 cum
1547 1876 1699 1942 parte

81 1941 341 1994 exercitus
379 1943 574 1996 adeant
620 1962 814 2013 easque
863 1945 1011 1998 omni
1049 1945 1208 1997 modo
1257 1945 1547 1996 incursent.
1622 1944 1699 1996 ita
1721 1958 1763 1990 25

81 2011 322 2064 omnium
357 2013 585 2081 primam
625 2013 792 2084 Cycni
829 2016 1107 2085 regionem
1153 2014 1418 2067 invadunt
1464 2018 1699 2067 vastant-

80 2099 182 2151 que
219 2083 419 2136 circum
445 2085 640 2154 omnia,
680 2085 773 2138 sed
810 2086 902 2138 ubi
938 2085 1383 2138 Neandriensium
1409 2085 1697 2154 civitatem,

80 2170 216 2221 quae
253 2154 409 2222 regni
445 2159 606 2222 caput
651 2156 884 2208 filiorum
928 2154 1095 2225 Cycni
1140 2156 1323 2208 nutrix
1371 2156 1699 2208 memoraba-

78 2226 194 2292 tur,
231 2223 383 2276 nullo
421 2225 701 2278 resistente
747 2226 990 2280 invasere
1029 2231 1188 2296 atque
1237 2227 1420 2297 ignem
1457 2227 1697 2279 subicere

79 2310 326 2361 coepere,
366 2294 507 2347 cives
547 2296 659 2348 eius
684 2297 866 2350 multis
892 2298 1138 2367 precibus
1163 2298 1500 2366 lacrimisque
1527 2315 1695 2365 orare,
1719 2309 1764 2343 30

78 2363 160 2416 uti
197 2363 264 2416 ab
302 2364 516 2433 incepto
543 2366 875 2436 desisterent,
913 2387 1010 2437 per
1044 2369 1227 2421 omnia
1262 2369 1499 2420 humana
1536 2371 1697 2436 atque

81 2432 263 2486 divina
299 2434 413 2487 nixi
451 2437 678 2505 genibus
716 2438 1087 2508 deprecanteS‚
1124 2458 1193 2492 ne
1232 2439 1426 2491 delicta
1461 2438 1697 2506 pessumi

80 2503 227 2557 ducis
271 2505 543 2559 civitatem
592 2508 869 2562 innoxiam
914 2513 968 2562 et
1009 2510 1170 2579 paulo
1217 2513 1341 2578 post
1382 2508 1541 2561 fidam
1594 2508 1695 2561 sibi

191 2619 320 2662 XIII.
350 2620 510 2662 Malal.
545 2624 624 2663 125
656 2624 755 2664 init.
788 2623 982 2669 Cedren.
1014 2625 1051 2665 P
1085 2626 1183 2666 126.

193 2734 216 2772 1
249 2731 472 2776 aduersus
504 2748 582 2776 eos
620 2736 672 2776 V.
787 2739 814 2778 6
844 2737 1046 2791 diligunt
1080 2737 1132 2779 G¹
1251 2739 1302 2778 12
1334 2737 1540 2790 nihilque
1572 2737 1617 2776 in
1657 2738 1699 2776 V

79 2789 132 2829 14
162 2791 303 2841 atque
326 2802 382 2829 ex
403 2792 471 2831 ed.
495 2793 684 2833 Dacerz'a
771 2795 825 2834 20
848 2795 895 2834 in
928 2794 1040 2847 fuga
1065 2794 1157 2842 ΘΒ,
1191 2795 1238 2834 111
1269 2794 1423 2847 fugam
1446 2795 1566 2834 editt.
1589 2798 1692 2838 nect,

77 2847 216 2897 atque
237 2844 285 2884 in
307 2844 419 2898 fuga
435 2850 578 2889 maluit
596 2846 866 2891 Dederielzus
924 2852 978 2891 27
1002 2851 1358 2891 mentorensium
1380 2851 1492 2900 libri,
1513 2848 1695 2890 Obrech-

79 2906 144 2941 ωε
172 2899 566 2957 Methonensium,
599 2906 851 2947 Perizonius
880 2907 1266 2948 Neandriensium
1295 2907 1363 2948 Izic
1393 2913 1435 2947 et
1463 2906 1596 2957 infra.
