1956 3178
753 108 1175 156 PRAEFATIO.
1751 123 1791 161 v

283 231 567 286 Praeterea
605 249 836 302 magnus
876 234 1024 284 extat
1061 229 1302 284 codicum
1326 246 1597 297 numerUS,
1638 246 1788 298 quos,

135 325 256 360 cum
295 306 557 376 inspicere
597 308 690 359 aut
726 306 990 358 noluerim
1031 308 1125 358 aut
1161 323 1273 357 non
1304 303 1592 372 potuerim,
1647 305 1787 355 certe

134 399 446 434 enumerare
484 399 596 433 non
635 379 962 449 superfluum
1000 379 1134 432 mihi
1181 396 1297 432 esse
1336 378 1567 446 videtur,
1620 378 1787 430 veluti

133 453 347 523 Lipsiae
380 455 493 507 cod.
524 453 772 507 Haenelii
803 453 893 507 fol.
923 454 1026 506 143
1054 472 1189 506 saec.
1215 452 1347 505 XIV
1387 452 1452 506 cf.
1493 450 1786 521 Serapeum

134 527 256 597 VII,
296 529 419 596 233,
442 527 707 598 Lugduni,
746 531 808 580 ut
830 529 912 581 vir
936 528 1279 581 doctissimus
1305 527 1375 579 du
1399 526 1535 579 Rieu
1574 544 1784 579 mecum

133 603 510 671 commucavit,
560 602 688 654 bibl.
727 601 879 655 Publ.
917 602 1033 655 Lat.
1077 603 1181 655 133
1222 601 1267 653 B
1316 619 1449 654 saec.
1496 600 1614 671 XV,
1651 599 1786 653 Vin-

132 677 375 729 dobonae
414 678 523 728 tres
565 676 712 729 codd.
755 695 888 729 saec.
912 676 1015 728 XV
1054 695 1104 728 n.
1131 677 1272 729 3221
1299 695 1351 728 n.
1377 676 1524 728 3400
1547 694 1599 728 n.
1625 673 1786 744 3517,

131 769 264 820 quos
304 750 534 803 Ioannes
576 748 819 802 Schmidt
866 751 1124 819 inspexit,
1173 749 1395 818 Parisiis
1414 749 1455 819 1)
1495 749 1554 802 in
1592 749 1783 802 biblio—

130 824 287 877 theca
335 824 481 892 publ.
539 827 751 892 praeter
813 843 902 877 eos
964 843 1096 893 quos
1153 843 1315 894 supra
1369 823 1785 876 commemoravi

56 910 58 912 ’
131 898 433 968 quindecim
482 916 619 950 saec.
667 898 773 950 XII
802 898 936 950 XIII
965 898 1097 951 XIV
1120 898 1239 967 XV,
1277 898 1463 951 Monte
1488 897 1784 950 Pessulano

133 972 190 1025 in
229 971 356 1025 bibl.
398 972 611 1025 scholae
650 973 836 1026 medic.
875 992 926 1025 n.
971 974 1071 1025 121
1119 992 1253 1026 saec.
1293 971 1413 1041 XII,
1437 991 1488 1024 n.
1518 972 1619 1025 131
1651 990 1786 1025 saec.

128 1043 249 1116 XII,
287 1045 468 1099 Trecis
493 1065 544 1098 n.
576 1047 718 1100 1940
751 1066 886 1100 saec.
909 1046 1027 1116 XV,
1068 1046 1286 1115 Romae,
1325 1047 1380 1099 id
1405 1046 1547 1117 quod
1572 1045 1784 1099 Riccar-

129 1120 228 1173 dus
266 1119 516 1173 Foerster
553 1139 758 1174 mecum
801 1122 1216 1175 communicavit
1257 1123 1302 1174 1.
1341 1119 1464 1173 Vat.
1504 1121 1596 1173 lat.
1642 1119 1785 1173 1795

130 1193 218 1247 fol.
269 1195 315 1263 1,
361 1194 485 1247 Vat.
535 1196 626 1247 lat.
678 1196 787 1248 504
833 1196 923 1248 fol.
977 1194 1207 1249 105³*
1234 1195 1324 1249 fol.
1369 1197 1489 1263 110,
1528 1195 1652 1248 Vat.
1691 1196 1783 1250 lat.

131 1267 272 1320 5261
324 1268 414 1321 101.
463 1270 742 1338 81-102,
788 1269 911 1322 Vat.
951 1271 1042 1322 lat.
1083 1271 1229 1323 5622
1269 1269 1360 1322 101.
1400 1271 1644 1339 38-52,
1691 1271 1782 1324 lat.

130 1342 290 1409 3683,
350 1343 442 1395 lat.
495 1343 639 1395 3339
691 1343 781 1397 fol.
833 1344 1142 1397 248-259.
1220 1345 1269 1396 2.
1319 1343 1489 1414 Palat.
1540 1345 1632 1397 lat.
1673 1345 1784 1398 910

129 1415 219 1468 fol.
259 1417 427 1484 2-9,
478 1418 570 1469 ubi
617 1417 769 1470 haec:
826 1418 1042 1487 explicit
1086 1419 1317 1487 ystoria,
1338 1418 1402 1470 de
1449 1419 1590 1471 bello
1631 1436 1782 1488 grae-

129 1507 312 1542 corum
374 1495 428 1542 et
496 1492 830 1544 troianorum
893 1512 924 1544 a
986 1492 1166 1545 darete
1235 1492 1396 1562 frigio
1467 1495 1782 1562 composita.

129 1563 178 1616 3.
202 1562 391 1633 Regin.
415 1565 506 1616 lat.
533 1566 640 1618 905
665 1566 755 1619 101.
784 1567 978 1619 1—13.
1040 1567 1239 1635 Incipit
1260 1567 1518 1636 prologus
1544 1565 1782 1621 Cornelii

129 1636 302 1690 Taciti
356 1639 414 1690 in
466 1638 696 1692 historia
747 1641 910 1709 troia3
975 1639 1252 1694 Cornelius
1314 1659 1483 1709 nepos
1547 1642 1772 1696 salustio

128 1710 303 1780 crispo
360 1731 455 1765 suo
513 1714 754 1766 salutem.
831 1713 1022 1784 Regin.
1076 1716 1166 1768 lat.
1222 1715 1329 1767 946
1381 1716 1471 1768 101.
1512 1715 1776 1785 24-285,

125 1784 318 1855 Regin.
372 1786 462 1838 lat.
515 1787 654 1840 1847
704 1788 793 1841 101.
846 1789 1076 1842 10-20.
1154 1790 1203 1841 4.
1253 1788 1435 1842 Ottob.
1487 1790 1579 1842 lat.
1635 1791 1777 1844 1808

127 1858 215 1911 fol.
276 1860 565 1913 140-166
622 1862 709 1929 (οΧ
764 1862 911 1916 codd.
965 1863 1185 1916 Ioannis
1236 1864 1435 1934 Angeli
1488 1863 1654 1917 Ducis
1710 1865 1779 1918 ab

125 1931 445 2003 Altaemps),
484 1934 788 1988 Florentiae
828 1936 886 1988 in
925 1936 1279 1990 Riccardiana
1317 1956 1369 1989 n.
1395 1939 1517 1991 824.
1557 1937 1778 1991 Praeter

126 2005 226 2059 hos
266 2006 480 2060 Daretis
520 2009 656 2061 liber
695 2013 838 2062 extat
880 2008 1313 2082 Cantabrigiae2)
1352 2012 1411 2063 in
1453 2012 1781 2066 bibliotheca

127 2077 350 2149 Gaiana,
392 2080 585 2134 Oxonii
623 2083 682 2135 in
722 2082 960 2154 Collegio
995 2087 1235 2138 omnium
1276 2086 1603 2156 animarum,
1642 2087 1779 2140 Ant-

126 2259 197 2308 43,
231 2259 256 2298 3
291 2255 350 2298 ad
382 2258 543 2312 portas
570 2257 688 2301 conf.
722 2263 793 2313 44,
829 2264 852 2302 7
886 2260 1116 2316 proelium
1148 2262 1339 2306 instruit
1372 2267 1426 2306 10
1459 2261 1638 2318 pariter
1670 2276 1776 2306 con-

126 2316 318 2357 currunt
352 2321 405 2358 18
439 2315 621 2371 possint
652 2322 722 2371 46,
760 2323 782 2361 1
815 2320 942 2362 mala
972 2319 1124 2364 multa
1154 2325 1225 2375 47,
1259 2326 1284 2363 2
1319 2321 1400 2364 del.
1436 2323 1578 2376 atque
1633 2327 1658 2365 3
1693 2323 1777 2367 del.

125 2371 245 2416 clam
290 2378 360 2429 48,
394 2379 419 2417 3
453 2374 576 2418 unde
609 2376 824 2420 omnibus
856 2403 914 2410 ——
938 2391 993 2421 ex
1023 2378 1066 2420 L
1097 2393 1226 2436 quem
1249 2381 1397 2425 denuo
1422 2381 1610 2433 contuli,
1643 2382 1776 2426 cetius

124 2432 323 2476 secunda
353 2446 518 2476 memus
548 2447 681 2490 saepe
703 2438 1067 2491 praestantiores
1100 2440 1306 2483 lectiones
1330 2439 1518 2494 praebet
1552 2445 1620 2492 12,
1655 2445 1680 2483 9
1713 2441 1778 2485 At

122 2504 167 2534 v.
199 2490 255 2534 H.
292 2496 367 2546 19,
412 2497 464 2535 13
497 2493 798 2538 mitterentur
830 2500 907 2551 23,
954 2502 1006 2540 12
1051 2497 1295 2542 advenerit
1333 2503 1410 2553 28,
1446 2503 1499 2541 21
1535 2503 1576 2542 et
1607 2504 1684 2554 38,
1718 2505 1776 2544 20

123 2548 328 2614 funerari
368 2555 446 2606 33,
484 2557 537 2595 10
569 2553 651 2596 del.
685 2567 822 2609 porro
856 2556 1174 2611 (productor-es
1210 2558 1271 2614 P)
1306 2563 1383 2611 35,
1427 2562 1479 2600 12
1514 2557 1556 2602 d.
1591 2558 1620 2602 i.
1654 2561 1777 2603 esset

123 2621 234 2664 imp.
267 2613 339 2662 37,
371 2614 397 2652 9
423 2624 514 2654 non
549 2611 690 2655 etiam
715 2617 786 2668 39,
823 2619 874 2657 17
900 2615 953 2659 Α.
980 2618 1171 2659 veniens
1198 2631 1238 2660 o.
1265 2619 1312 2660 et
1330 2621 1399 2670 40,
1437 2621 1489 2660 19
1514 2616 1774 2674 foedusque

124 2666 186 2767 dn
215 2667 587 2770 omi-L{pacem
618 2670 781 2716 foedus
816 2673 931 2727 PL,
963 2675 1039 2718 sed
1070 2676 1142 2718 hic
1164 2677 1357 2731 punctis
1386 2678 1610 2732 notatum)
1642 2682 1714 2732 49,
1748 2681 1774 2721 7

157 2738 278 2769 0111111
302 2739 398 2771 1av1
425 2763 434 2771 .

218 2783 277 2851 .¹)
310 2785 364 2828 A.
396 2785 504 2842 Joly
534 2787 717 2844 Benoit,
750 2790 807 2834 de
841 2791 1151 2836 Sainte-More
1185 2793 1232 2837 et
1262 2793 1307 2837 10
1339 2807 1504 2848 roman
1528 2794 1586 2839 de
1619 2795 1771 2841 Troie.

121 2841 253 2887 Pans
289 2848 416 2888 1870.
452 2850 562 2889 1871
591 2847 632 2890 ΙΙ
663 2863 709 2904 p.
738 2853 820 2893 172
854 2849 899 2894 ff.
934 2865 1027 2894 non
1061 2865 1221 2896 omnes
1254 2855 1511 2898 enumerat.
1608 2854 1640 2912 ²)
1668 2853 1772 2900 Ger.

120 2901 214 2947 Ioa.
247 2901 440 2947 Vossius
473 2904 529 2948 de
560 2904 794 2952 historicis
826 2908 1008 2953 Latinis
1040 2910 1120 2955 lib.
1153 2911 1231 2955 III.
1264 2926 1309 2967 p.
1345 2918 1442 2957 701.
