1956 3178
223 81 295 133 44
739 78 959 123 morYs
992 79 1324 122 oanrssusffi

225 207 429 275 impetu
455 223 725 274 repressus
766 208 859 257 est.
922 205 1087 274 igitur
1123 205 1189 257 ab
1226 205 1425 258 nostris
1451 206 1681 261 clamore
1714 211 1835 262 orto
1917 215 1928 241 ;

226 277 488 345 simulque
527 294 646 329 cum
684 277 765 327 ira
801 274 1231 345 indignantibUS,
1272 276 1414 344 quod
1452 275 1656 331 duobus
1693 297 1838 332 seor-

226 366 342 400 sum
390 347 669 399 adversum
727 364 782 398 se
838 345 1027 414 hisque
1074 346 1328 414 maxime,
1380 365 1606 415 quorum
1661 350 1838 418 gratia

225 418 425 471 bellum
486 417 776 469 conflatum
837 419 998 485 esset,
1061 416 1465 470 decernentibus
1527 422 1747 488 repente
1808 441 1837 472 a

185 504 206 536 5
230 488 476 541 Troianis
514 488 744 555 pessimo
771 505 918 539 more
955 486 1397 557 intercederetur,
1436 507 1618 541 rursus
1645 490 1837 559 globus
1895 531 1902 538 s

226 559 574 611 barbarorum
612 559 871 626 ingruens
908 558 1270 610 Alexandrum
1309 576 1335 610 e
1374 559 1548 612 medio
1588 560 1745 628 rapit.

368 628 506 680 XLI.
577 628 802 680 Interim
850 629 907 679 in
955 646 1017 680 ea
1063 629 1443 698 permixtione,
1493 630 1619 682 dum
1668 631 1841 684 nostri

226 699 519 766 haesitant,
559 698 834 751 Pandarus
879 699 1066 766 procul
1115 698 1327 751 adstans
1372 700 1570 753 multos
1610 700 1838 754 Graeco-

227 789 347 822 rum
385 770 592 838 sagittis
630 770 867 839 configit.
930 786 1102 837 neque
1129 769 1277 837 prius
1302 770 1424 822 finis
1461 769 1649 839 factUS,
1677 789 1838 839 quam

168 857 209 889 10
231 839 518 893 Diomedes
557 840 836 892 atrocitate
861 840 939 891 rei
964 843 1140 892 motus
1165 857 1583 909 progressusque
1622 843 1839 894 commi—

229 929 331 964 nus
369 911 478 962 telo
516 910 727 962 hostem
763 913 1139 978 prosterneret.
1215 910 1318 963 hoc
1366 911 1525 963 modo
1565 911 1840 965 Pandarus

232 981 537 1033 certaminis
584 980 798 1032 foedere
852 980 1051 1032 violato
1101 983 1259 1048 atque
1307 981 1374 1033 ob
1413 982 1467 1032 id
1504 981 1841 1051 interemptis

230 1051 415 1103 multis
453 1051 519 1102 ad
557 1054 886 1118 postremum
932 1068 1133 1118 poenas
1180 1051 1580 1104 scelestissimae
1616 1053 1840 1105 militiae

230 1122 348 1174 luit.
423 1123 655 1182 ceterum
705 1139 895 1188 corpus
945 1121 1056 1172 eius
1103 1120 1386 1172 liberatum
1436 1140 1499 1173 ex
1549 1123 1660 1174 acie
1697 1122 1845 1175 Pria-

168 1209 209 1241 15
231 1192 403 1244 midae
441 1191 557 1260 igni
596 1194 856 1243 cremant:
906 1191 1262 1259 reliquiasque
1310 1192 1439 1244 socii
1482 1192 1703 1246 traditas
1741 1193 1843 1246 sibi

231 1262 450 1331 Lyciam
488 1262 545 1313 in
584 1262 756 1313 solum
783 1261 1016 1329 patrium
1054 1261 1333 1328 pertulere.
1395 1263 1611 1314 interim
1648 1263 1844 1316 utrius-

232 1351 335 1400 que
375 1332 635 1384 exercitus
688 1332 843 1400 signo
883 1332 1006 1384 dato
1051 1349 1240 1383 manus
1279 1335 1566 1385 conserunt
1602 1350 1846 1403 pugnan-

230 1407 417 1471 tesque
455 1403 509 1454 vi
547 1420 753 1453 summa
802 1403 960 1469 atque
1008 1402 1230 1470 ancipiti
1276 1402 1494 1455 fortuna
1541 1403 1742 1455 bellum
1779 1403 1845 1456 ad

235 1490 479 1525 occasum
525 1472 651 1524 solis
699 1471 1016 1540 producunt.
1093 1472 1184 1523 sed
1231 1472 1322 1523 ubi
1359 1491 1467 1525 nox
1505 1472 1841 1542 adventabat,

168 1561 210 1593 20
233 1543 499 1611 utrimque
548 1559 699 1612 reges
747 1541 1004 1594 subducta
1049 1541 1193 1594 haud
1247 1542 1409 1612 longe
1459 1543 1569 1595 acie
1618 1544 1846 1596 custodi-

232 1615 331 1666 bus
369 1614 575 1665 idoneis
614 1613 874 1665 exercitus
913 1613 1323 1664 communivere.
1387 1613 1463 1664 ita
1498 1631 1594 1681 per
1641 1613 1848 1682 aliquot

234 1684 344 1735 dies
390 1687 601 1751 tempus
657 1683 890 1735 bellandi
958 1683 1258 1750 operientes
1314 1683 1540 1735 militem
1601 1684 1847 1752 frequen-

233 1758 342 1806 tem
381 1754 522 1821 apud
560 1771 707 1805 arma
743 1752 943 1804 frustra
969 1753 1218 1804 habuere.
1282 1771 1512 1821 namque
1550 1755 1643 1806 ubi
1673 1754 1844 1806 hiems

235 1824 520 1876 adventare
547 1826 600 1875 et
624 1823 883 1875 imbribus
910 1823 1106 1874 crebris
1127 1822 1381 1890 compleri
1409 1841 1629 1891 coepere
1656 1825 1845 1893 campi,

171 1912 212 1945 25
234 1895 446 1947 barbari
485 1894 628 1946 intra
663 1911 844 1945 muros
883 1894 1095 1945 abeunt.
1171 1895 1226 1944 at
1262 1893 1434 1944 nostri
1480 1894 1630 1946 nullo
1668 1894 1846 1962 palam

234 1966 389 2017 hoste
446 1963 669 2033 digressi
725 1963 791 2015 ad
846 1981 1006 2018 naves
1060 1963 1244 2015 munia
1308 1963 1498 2015 hiemis
1553 1964 1848 2031 disponunt

234 2052 466 2102 moxque
503 2034 757 2102 bipertito
798 2051 1012 2102 campo,
1063 2034 1154 2101 qui
1202 2033 1438 2101 reliquus
1484 2052 1596 2086 non
1632 2051 1844 2103 pugnae

238 2108 572 2172 opportunus
611 2107 746 2171 erat,
795 2108 1019 2171 utraque
1067 2122 1191 2172 pars
1229 2104 1400 2155 aratui
1437 2104 1699 2172 insistere,
1738 2103 1848 2156 fru·
1929 2105 1947 2116 “

236 2177 419 2226 menta
453 2174 677 2241 aliaque,
719 2191 853 2241 quae
891 2177 1102 2242 tempus
1129 2174 1257 2225 anni
1283 2174 1600 2243 patiebatur,
1638 2191 1844 2242 parare.

173 2260 214 2292 30
237 2245 452 2296 interim
491 2244 630 2295 Aiax
667 2243 1008 2295 Telamonius
1046 2244 1308 2296 instructo
1346 2244 1532 2312 milite,
1579 2262 1735 2313 quem
1773 2261 1849 2297 se-

238 2333 358 2367 cum
395 2313 700 2381 adduxerat,
739 2313 942 2364 habens
981 2314 1142 2365 etiam
1178 2314 1470 2366 nonnullos
1510 2315 1572 2366 de
1612 2315 1846 2366 exercitu

237 2384 493 2452 Achillis,
541 2384 812 2453 ingressus
849 2383 1115 2453 Phrygiae
1163 2384 1440 2452 regionem
1476 2384 1646 2436 multa
1681 2383 1848 2436 hosti-

237 2455 360 2507 liter
385 2458 574 2522 vastat,
602 2454 744 2522 capit
775 2453 1030 2518 civitateS,
1059 2471 1119 2505 ac
1144 2456 1267 2520 post
1292 2471 1488 2521 paucos
1515 2453 1626 2505 dies
1650 2453 1847 2521 praeda

238 2528 423 2577 auctus
463 2525 528 2576 ad
567 2524 855 2577 exercitum
893 2523 1065 2575 victor
1101 2523 1323 2575 revenit.

174 2609 216 2643 ³5
379 2594 548 2646 XLII.
620 2594 795 2646 Isdem
850 2593 960 2645 fere
1011 2593 1195 2645 diebus
1255 2593 1465 2645 barbari
1513 2593 1710 2645 nostris
1755 2610 1851 2661 per

352 2754 376 2791 6
409 2751 464 2792 de
500 2752 535 2792 G
563 2753 642 2792 sed
674 2753 798 2792 litera
830 2750 855 2790 d
888 2764 1014 2791 erasa
1122 2751 1174 2790 23
1207 2749 1327 2802 apud
1359 2763 1437 2790 om.
1463 2750 1497 2791 G
1526 2762 1641 2790 corr.
1671 2750 1711 2789 V
1739 2749 1787 2788 in
1807 2747 1850 2788 B

241 2809 294 2849 28
328 2813 578 2861 oportunus
614 2807 648 2848 G
762 2809 816 2848 ‘29
848 2819 1013 2860 parare
1045 2820 1120 2850 om,
1157 2805 1204 2850 G.
1236 2805 1359 2846 habet
1387 2819 1429 2858 9.
1547 2807 1601 2846 35
1630 2804 1772 2846 isdem
1808 2803 1852 2843 V

241 2863 416 2905 hisdem
450 2864 498 2905 G.
