1956 3178
589 135 776 178 BELLI
807 133 1061 177 TROIANI
1092 134 1210 178 LIB.
1242 135 1303 176 11.
1682 134 1753 186 47

137 279 272 332 quae
319 261 624 342 anteposita
674 261 878 314 civitati
926 259 1228 313 continenti
1275 260 1388 312 eius
1426 259 1754 330 adiungitur,

137 332 368 386 secunda
425 332 636 385 circiter
683 331 972 401 vigiliani
935 348 1188 453 {gressus
1227 330 1489 383 Troianos
1537 348 1754 399 campos

136 403 505 472 explicitisque
569 402 818 455 tentoriis
887 401 962 454 ibi
1001 419 1084 454 em
1152 401 1507 481 operiebatur.
1610 402 1755 470 quod

135 474 227 527 ubi
254 472 540 527 Diomedes
581 490 702 526 cum
729 471 904 541 Ulixe,
944 472 1158 542 vigilias
1195 472 1254 524 in
1293 490 1354 525 ea
1378 475 1530 541 parte
1568 490 1755 524 curan-

135 549 215 598 tes
269 543 458 614 procul
515 543 962 611 animadvertere,
1009 543 1112 595 rati
1159 542 1423 596 Troianos
1469 561 1502 595 a
1538 542 1753 596 Priamo
1777 563 1801 597 5

136 615 472 695 exploratum
515 614 705 667 missos
743 614 968 694 arreptis
1005 615 1166 667 armis
1203 631 1330 666 mox
1362 631 1545 683 presso
1585 613 1755 684 gradu

136 684 730 754 circumspicientesque
777 685 958 737 omnia
1001 687 1237 754 pergunt
1284 684 1350 736 ad
1399 703 1522 737 eum
1558 685 1752 737 locum.

136 759 253 809 tum
290 755 531 836 fatigatis
570 773 635 808 ex
672 755 864 808 itinere
903 754 1211 808 custodibus
1259 758 1312 807 et
1360 756 1428 808 ob
1471 754 1527 806 id
1563 773 1753 807 somno

133 826 330 896 pressis
366 844 562 895 eosque
601 829 655 879 et
690 826 916 879 interius
942 826 1215 896 progressi
1252 825 1309 878 in
1335 825 1467 894 ipsis
1504 826 1754 878 tentoriis

134 914 316 968 regem
353 897 700 950 interficiunt.
776 896 900 950 dein
936 896 1075 949 nihil
1121 897 1265 949 ultra
1310 895 1614 949 audendum
1651 896 1755 948 rati
1779 917 1823 950 ιο

137 985 351 1021 0111111111
400 968 513 1021 01118
562 971 615 1021 01
662 985 782 1021 011111
840 968 1070 1038 egregiis
1126 967 1431 1048 insignibus
1478 985 1642 1047 equos
1690 966 1757 1019 ad

135 1057 301 1092 naves
351 1038 568 1092 ducunt.
662 1039 740 1091 ita
786 1039 1053 1107 reliquum
1108 1039 1284 1091 noctis
1339 1057 1397 1090 111
1446 1037 1556 1091 81118
1616 1038 1758 1106 quis-

144 1127 246 1178 que
291 1109 652 1162 tabernaculis
698 1110 1091 1178 requiescentes
1138 1109 1472 1179 transigunt.
1530 1110 1586 1161 at
1621 1108 1756 1161 lucis

141 1180 407 1249 principio
464 1179 699 1248 reliquos
765 1179 923 1232 duces
979 1180 1331 1248 conveniunt,
1395 1197 1486 1232 eos
1546 1179 1756 1231 facinus

139 1269 327 1303 ausum
366 1250 743 1331 expletumque
782 1250 993 1303 docent.
1078 1268 1139 1303 ac
1183 1268 1310 1303 mox
1356 1251 1463 1302 rati
1499 1250 1756 1303 barbaros
1780 1267 1824 1301 15

137 1322 385 1375 incensos
426 1320 584 1373 caede
622 1321 763 1391 regis
802 1320 947 1374 adire
994 1321 1182 1374 iubent
1222 1338 1408 1374 omnes
1444 1320 1754 1390 frequentes

137 1391 278 1461 apud
315 1410 465 1444 arma
501 1410 533 1444 a
603 1409 660 1444 re
699 1392 1004 1461 operirique
1042 1391 1268 1445 hostem.

207 1488 210 1490 v
279 1461 473 1515 XLVI.
534 1409 725 1530 {leque
763 1462 935 1515 multo
974 1466 1098 1532 post
1136 1461 1393 1531 ThraceS,
1439 1462 1535 1515 ubi
1574 1479 1756 1531 exper-

138 1532 335 1613 gefacti
374 1550 401 1585 e
440 1550 629 1585 somno
655 1550 837 1602 regem
874 1533 1274 1613 interemptum,
1313 1504 1528 1586 foedam
1563 1532 1756 1585 faciem

138 1603 283 1656 intra
319 1603 555 1656 tentoria
581 1603 1004 1656 animadvertere
1044 1606 1098 1656 et
1122 1604 1352 1674 vestigia
1387 1602 1603 1656 abducti
1641 1621 1756 1656 cur-
1778 1622 1823 1654 20

138 1692 228 1727 rus
265 1673 552 1727 manifesta
590 1677 740 1742 811111,
793 1674 991 1743 raptim
1040 1691 1100 1726 ac
1146 1675 1261 1727 sine
1298 1674 1421 1726 ullis
1461 1673 1754 1742 ordinibuS‚

137 1748 199 1798 ut
236 1762 500 1814 quemque
545 1744 658 1798 fors
700 1744 1146 1825 conglobaverat,
1196 1745 1263 1797 ad
1309 1763 1473 1797 naves
1522 1744 1755 1798 evolant.

138 1815 331 1885 quibus
377 1815 566 1884 procul
612 1815 739 1868 visis
784 1816 959 1869 nostri
1015 1815 1246 1868 conferti
1304 1816 1446 1867 inter
1492 1833 1546 1868 80
1595 1818 1756 1895 atque

139 1886 364 1954 imperia
412 1889 685 1939 servantes
724 1889 854 1939 eunt
892 1886 1118 1939 obviam.
1194 1885 1287 1938 sed
1322 1886 1516 1938 Aiaces
1555 1885 1659 1938 duo
1698 1886 1757 1938 in

139 1955 475 2026 aliquantum
512 1958 783 2027 progressi
821 1957 1023 2026 primos
1062 1956 1330 2009 Thracum
1376 1955 1642 2009 invadunt
1678 1959 1754 2009 at·
1776 1974 1822 2008 25

141 2045 244 2096 que
271 2027 599 2096 opprimunt.
665 2027 790 2080 dein
815 2027 1010 2096 reliqui
1036 2027 1210 2095 (111008,
1237 2030 1299 2078 111
1324 2027 1548 2095 quisque
1573 2026 1752 2079 locum

140 2100 368 2178 ceperat,
407 2098 624 2150 caedere
674 2098 916 2167 singulos
966 2100 1020 2150 et
1063 2098 1157 2150 ubi
1208 2096 1441 2150 conferti
1479 2100 1754 2166 steterant,

138 2167 255 2221 bini
302 2171 395 2220 aut
442 2167 670 2236 amplius
718 2168 1031 2238 congregati
1077 2168 1281 2236 impetu
1327 2186 1424 2221 suo
1464 2167 1755 2221 dissolvere

142 2255 203 2291 ac
239 2256 365 2291 mox
402 2238 667 2306 dispersos
715 2239 1063 2308 palantesque
1110 2239 1436 2306 interficere,
1475 2242 1537 2290 ut
1571 2238 1754 2291 nullus

140 2308 377 2377 reliquus
416 2307 590 2361 caedis
626 2310 792 2362 fieret.
868 2328 928 2362 ac
967 2309 1149 2363 statim
1189 2308 1319 2363 Grai
1363 2309 1613 2362 extinctis
1661 2309 1754 2378 qui
1776 2326 1821 2360 3ο

142 2379 427 2433 advorsum
464 2380 640 2432 ierant
675 2380 832 2460 signo
872 2380 995 2434 dato
1035 2380 1102 2433 ad
1137 2379 1374 2433 tentoria
1417 2397 1603 2433 eorum
1639 2397 1756 2448 per-

141 2453 293 2520 gunt.
368 2453 424 2502 at
460 2450 556 2519 1111,
597 2450 688 2519 qui
716 2451 961 2504 custodes
999 2451 1186 2504 castris
1223 2450 1397 2503 relicti
1435 2450 1536 2503 soli
1574 2467 1755 2519 super-

145 2524 323 2590 erant,
372 2521 500 2573 visis
560 2524 748 2574 contra
795 2521 1040 2575 hostibus
1086 2525 1290 2574 terrore
1337 2521 1454 2589 ipso
1501 2520 1756 2573 miseran-

143 2591 268 2643 dum
328 2592 387 2643 in
452 2591 674 2644 modum
741 2592 1033 2645 effeminati
1105 2591 1354 2645 omnibus
1419 2591 1628 2643 omissis
1689 2591 1757 2644 ad

142 2661 356 2714 moenia
393 2662 730 2733 confugiunt.
806 2666 922 2715 tum
972 2663 1208 2731 undique
1247 2679 1430 2714 versus
1476 2662 1650 2715 nostri
1688 2662 1756 2713 ir-
1778 2675 1822 2710 3⁵

259 2820 281 2858 1
322 2819 630 2872 antepositam
678 2819 920 2861 ciuitatem
969 2819 1047 2860 GB
1092 2832 1206 2860 corr.
1246 2821 1288 2860 P
1416 2820 1468 2860 16
1507 2818 1635 2860 adire
1677 2817 1756 2860 GB

147 2874 286 2915 affore
327 2875 369 2914 V
462 2877 513 2915 21
545 2875 734 2928 rapiunt
767 2876 802 2917 G
909 2876 963 2916 25
996 2876 1143 2917 aciem
1174 2875 1404 2930 progressi
1432 2877 1478 2916 V
1570 2877 1623 2917 27
1656 2887 1757 2917 coe·

142 2934 276 2984 perat
310 2930 345 2971 G
460 2932 514 2972 34
545 2932 725 2974 amissis
759 2933 804 2981 G,
838 2945 951 2974 corr.
990 2931 1042 2972 V.
