1956 3178
576 102 764 147 BELLI
793 103 1050 147 TROIANI
1081 104 1197 146 LIB.
1227 105 1282 147 V.
1662 101 1731 156 93

121 234 181 286 ut
202 230 504 312 Palladium
530 230 632 283 sibi
656 229 915 283 traderet:
945 229 1250 282 habituram
1274 246 1508 297 namque
1534 245 1733 298 magna

117 301 232 357 eius
279 302 357 355 rei
403 301 656 370 praemia.
734 301 811 354 ita
858 301 1097 370 perfecto
1142 299 1364 370 negotio
1413 298 1480 351 ad
1515 302 1732 352 nostros

119 373 271 427 venit
306 373 497 442 hisque
534 372 859 442 promissum
897 371 1068 438 offert,
1106 388 1294 423 verum
1331 369 1386 422 id
1412 370 1604 423 Graeci
1643 371 1734 423 ob-

117 443 364 497 volutum
410 443 564 511 bene,
612 460 719 523 quo
756 460 825 495 ne
872 442 1116 511 intellegi
1148 460 1180 493 a
1217 459 1490 521 quoquam
1576 444 1733 509 osset,

40 515 52 579 ζ
118 514 366 568 vehiculo
405 513 472 566 ad
520 513 756 566 tentoria
792 511 942 566 Ulixi
987 531 1084 581 per
1129 512 1456 564 necessarios
1493 512 1530 564 fi
1568 529 1733 582 osque
1756 528 1776 561 5

25 586 41 627 3<
117 603 244 638 suos
280 584 577 637 remittunt.
661 587 717 636 at
762 583 897 636 lucis
943 583 1211 652 principio
1250 586 1538 652 postquam
1586 601 1737 635 sena·

42 667 43 670 ’
117 658 205 709 tus
243 658 456 708 coactus
495 658 549 707 et
583 655 756 708 nostri
803 655 1032 725 ingressi
1070 656 1219 722 sunt,
1267 654 1515 706 Antenor
1569 653 1737 707 veluti

35 778 43 788 ,
117 725 449 779 iracundiam
471 725 800 778 Graecorum
824 729 1070 778 metuens
1105 725 1318 777 veniam
1354 742 1540 777 eorum
1566 742 1736 793 orare,

158 813 256 849 uae
294 795 573 848 adversum
622 814 708 849 eos
754 814 853 865 pro
901 797 1076 865 patria
1114 796 1347 848 exertius
1386 795 1735 848 disseruisset.

36 856 72 923 ,ἦ
158 866 246 920 8111
271 865 484 920 Ulixes:
523 885 636 920 non
674 885 729 919 se
767 867 851 919 his
876 867 1082 919 moveri
1107 883 1282 935 neque
1319 866 1608 936 indignari,
1647 865 1740 918 sed
1763 883 1802 915 ιο

18 1423 51 1714 ιτα-πεύκᾳ.
0 1376 35 1404 0ss
20 1318 42 1356 ’κζ
28 1203 34 1251 --
36 1169 37 1172 „
30 1136 37 1143 ·

18 1725 38 1814 «⁴¹5⁴,st

19 2134 43 2171 l

19 2235 42 2259 1

19 2286 46 2358 ,k

19 2364 43 2434 l

19 2455 52 2488 b

19 2626 43 2801 ξ

19 2964 34 2986 x.

0 3056 38 3107 zi„

0 3123 42 3178 le

124 936 269 1007 quod
313 938 436 990 finis
482 938 540 990 in
586 938 866 991 tractando
916 955 1030 990 non
1077 937 1447 989 adhiberetur:
1506 937 1737 989 maxime

121 1026 242 1061 cum
281 1011 646 1077 opportunum
672 1008 739 1061 ad
763 1007 1129 1089 navigandum
1164 1012 1376 1076 tempus
1414 1007 1565 1060 brevi
1590 1025 1740 1076 prae-

117 1079 363 1132 tervolet.
446 1082 562 1131 tum
610 1080 780 1132 multo
838 1079 1070 1132 invicem
1127 1079 1312 1131 habito
1370 1096 1616 1131 sermone
1673 1077 1741 1131 ad

121 1152 453 1218 postremum
489 1150 631 1202 binis
668 1150 886 1203 milibus
922 1149 1252 1202 talentorum
1298 1149 1414 1202 auri
1462 1152 1623 1218 atque
1661 1167 1741 1202 ar·

161 1220 273 1272 enti
320 1238 433 1272 rem
482 1219 749 1273 decidunt.
835 1220 979 1290 quod
1035 1220 1116 1273 uti
1174 1219 1240 1272 ad
1289 1238 1414 1272 suos
1460 1219 1739 1287 referrent,
1766 1236 1807 1270 15

122 1236 316 1343 &raeci
341 1290 408 1343 ad
432 1309 597 1344 naves
623 1292 836 1344 abeunt.
887 1291 964 1344 ibi
999 1290 1276 1344 conductis
1302 1290 1524 1343 ducibus
1550 1293 1744 1343 cuncta

126 1361 270 1414 dicta
295 1364 550 1431 gestaque
577 1365 878 1431 exponunt:
916 1361 1217 1414 Palladium
1246 1361 1486 1414 ablatum
1510 1380 1607 1430 per
1631 1362 1743 1413 An-

126 1434 371 1484 tenorem
408 1431 615 1486 docent.
678 1433 803 1485 dein
830 1451 894 1485 ex
932 1433 1174 1485 omnium
1212 1433 1481 1485 sententia
1505 1432 1742 1501 reliquus

119 1502 274 1555 miles
310 1521 424 1555 rem
462 1503 754 1573 cognoscit.

266 1572 360 1626 IX.
427 1572 510 1626 Ob
558 1592 693 1643 quae
739 1574 917 1642 placet
960 1573 1225 1626 universis
1272 1573 1415 1626 mitti
1466 1572 1742 1626 Minervae
1765 1590 1807 1623 20

125 1643 326 1696 donum
363 1662 525 1712 quam
561 1644 1053 1697 honoratissimum.
1127 1647 1244 1696 tum
1282 1644 1483 1696 accitus
1522 1643 1588 1697 ad
1626 1662 1744 1696 eam

124 1731 239 1767 rem
275 1713 516 1767 Helenus
554 1718 771 1785 cuncta,
821 1733 956 1784 quae
1005 1714 1143 1767 clam
1180 1733 1235 1767 se
1274 1718 1426 1785 gesta
1464 1717 1644 1783 erant,
1682 1733 1744 1768 ac

123 1785 169 1837 si
204 1803 456 1854 praesens
494 1785 766 1854 adfuisset,
808 1785 994 1839 ordine
1033 1785 1256 1854 exponit
1292 1785 1544 1854 additque
1580 1785 1744 1838 finem

54 1876 58 1878 ·
125 1855 235 1908 iam
259 1855 536 1909 advenisse
556 1857 911 1909 Troianarum
935 1874 1139 1908 rerum:
1167 1857 1366 1925 quippe
1386 1875 1493 1924 quo
1513 1857 1743 1908 maxime

127 1929 515 1979 sustentaretur
551 1946 760 1989 summa
786 1927 1018 1980 civitatis
1057 1928 1187 1995 81118,
1226 1926 1527 1979 Palladium
1560 1926 1742 1994 fuisse,
1768 1943 1809 1975 25

125 2014 232 2066 quo
282 1997 462 2050 ablato
511 1998 734 2051 exitium
781 1999 1047 2068 ingruere.
1125 2000 1360 2050 ceterum
1407 1997 1609 2050 donum
1646 1996 1746 2049 Μ1-

126 2085 322 2120 nervae
347 2068 511 2120 fatale
537 2068 785 2121 Troianis
811 2087 942 2137 esse,
978 2086 1172 2137 equum
1210 2068 1361 2137 ligno
1390 2067 1747 2120 fabrefactum

127 2137 302 2190 forma
338 2138 563 2208 ingenti,
602 2139 752 2191 cuius
790 2138 1161 2208 magnitudine
1200 2138 1340 2190 muri
1388 2138 1631 2191 solvendi
1669 2157 1747 2191 es-

126 2212 269 2277 sent,
328 2180 602 2261 adnitente
659 2213 819 2278 atque
877 2209 1192 2262 administro
1239 2211 1534 2262 Antenore.
1621 2209 1747 2262 dein

126 2249 435 2332 reccidatus
493 2283 771 2348 parentem
815 2279 1091 2333 Priamum
1148 2280 1494 2348 residuosque
1551 2279 1744 2332 fratres
1767 2295 1810 2328 30

127 2349 314 2401 fletum
361 2349 471 2402 edit
514 2350 896 2420 miserabilem,
945 2354 1317 2404 consternatus
1366 2369 1462 2419 per
1505 2350 1747 2403 dolorem

128 2422 288 2488 atque
337 2421 739 2490 obstupefactus
796 2422 919 2502 ruit.
1003 2425 1118 2475 tum
1165 2421 1404 2491 Pyrrhus
1463 2421 1746 2474 collectum

131 2507 253 2542 eum
298 2490 663 2561 refect-umque
712 2492 878 2545 animi
926 2491 993 2545 ad
1041 2511 1096 2545 se
1145 2492 1358 2544 deducit
1395 2491 1746 2561 custodesque

241 2647 306 2687 IX
338 2648 496 2690 Const.
528 2649 729 2695 Manass.
762 2650 797 2690 P
829 2652 883 2691 29

243 2791 270 2830 4
297 2791 659 2843 praepositionem
690 2804 717 2832 a
749 2804 828 2832 om.
854 2790 932 2832 ΕΒ
964 2792 1066 2832 add.
1106 2791 1188 2830 VP
1300 2791 1349 2830 11
1385 2803 1474 2843 quo
1509 2790 1587 2831 ΕΒ
1629 2790 1747 2843 quod

139 2846 222 2886 VP
341 2848 392 2886 12
425 2846 636 2899 peruolet
669 2847 705 2888 G
734 2860 850 2892 corr.
883 2847 924 2887 B
1072 2849 1122 2887 17
1155 2846 1281 2888 dieta
1327 2859 1404 2888 om.
1441 2846 1520 2888 GB
1549 2848 1671 2888 addit
1710 2848 1752 2888 P

132 2902 187 2942 25
218 2914 438 2943 summam
473 2903 508 2944 G
554 2915 726 2944 summa
758 2903 812 2944 Β.
