1956 3178
279 152 384 190 XIV

279 266 584 333 Artopoeus
609 213 960 332 Argentorati
990 261 1125 314 1691
1154 261 1203 328 8,
1242 261 1329 313 cui
1353 260 1585 314 indicem
1608 261 1893 322 latinitatis
1948 323 1956 327 ‚

280 337 334 388 et
368 352 549 387 rerum
584 333 791 402 adiecit,
831 332 1060 401 denique
1084 302 1628 384 Am’stelaedamensis
1664 350 1710 385 a.
1753 332 1893 386 1702

277 406 314 457 4
351 423 511 474 quam
547 403 677 456 fecit
700 375 832 455 Lu⁷d.
861 402 1036 456 Smids
1073 419 1195 455 cum
1230 402 1674 481 interpretatione
1697 402 1894 456 Annae
1954 408 1956 415 '

278 475 563 541 Daceriae,
612 491 772 542 quam
819 473 915 525 illa
958 472 1274 541 vulgaverat
1316 472 1376 524 in
1427 490 1583 525 usum
1629 471 1892 542 Delphini

282 545 434 598 1680.
507 515 708 597 A'ddita
755 550 837 596 est
871 561 984 596 non
1030 542 1205 595 solum
1251 541 1433 595 Iacobi
1469 542 1741 595 Perizonii
1785 541 1888 596 dis-

280 615 497 694 sertatio
555 614 618 666 de
673 613 900 666 historia
952 613 1081 666 belli
1138 612 1358 665 Troiani
1419 616 1518 666 etc
1581 613 1672 665 sed
1726 613 1888 666 etiam
1948 649 1950 651 >

278 685 484 737 nummi
533 687 586 737 et
632 701 873 764 gemmae
910 686 1116 736 veteres
1160 682 1227 735 ad
1271 683 1650 736 illustrandum
1684 678 1898 752 Dictyn'

280 758 335 807 et
380 754 540 807 index
588 755 827 806 omnium
874 756 1140 822 quotquot
1184 753 1439 822 leguntur
1474 753 1681 822 Dictyis
1728 770 1887 806 voca-

278 825 543 878 bulorum.

419 894 728 949 Novissima
765 894 929 946 editio
966 893 1169 962 prodiit
1198 891 1425 946 Bonnae
1477 893 1613 946 1833
1651 893 1683 946 8
1719 892 1892 946 Dede-

279 964 416 1018 richi
455 982 617 1033 opera
661 967 715 1016 et
765 964 968 1032 studiis,
1016 965 1109 1032 qui
1147 962 1210 1015 de
1257 963 1589 1016 restituendo
1638 966 1694 1016 et
1726 964 1892 1017 inter-

278 1034 538 1104 pretando
576 1035 833 1103 scriptore
872 1033 1071 1102 optime
1107 1033 1328 1086 meritus
1355 1037 1449 1086 est.
1513 1033 1773 1087 Additum
1810 1036 1892 1086 est

281 1105 613 1157 Glossarium
660 1103 1108 1184 Septiminianum
1165 1107 1218 1156 et
1266 1103 1679 1157 Observationes
1722 1103 1892 1157 histo-

279 1175 446 1243 ricae,
492 1177 775 1242 utrumque
821 1193 934 1227 non
970 1174 1178 1226 minore
1216 1191 1336 1226 cum
1373 1173 1638 1226 industria
1671 1173 1892 1243 factum,

281 1217 446 1313 quam⁷
477 1243 710 1312 Indices,
759 1263 892 1313 quos
930 1244 1043 1312 ipse
1081 1244 1139 1296 in
1174 1243 1437 1296 faciendis
1474 1242 1739 1297 indicibus
1775 1214 1895 1297 (1111-

282 1318 470 1385 genter
505 1286 773 1383 inquisivi.

423 1385 538 1437 Iam
563 1403 689 1437 vero
727 1387 906 1448 restat,
947 1387 1007 1435 ut
1043 1384 1108 1437 iis
1147 1384 1239 1452 qui
1275 1384 1333 1436 in
1359 1383 1563 1437 edendo
1600 1383 1704 1436 hoc
1728 1383 1892 1464 scrip-

281 1458 398 1508 tore
434 1472 519 1507 me
547 1455 879 1523 adiuverunt,
917 1454 1117 1524 gratias
1143 1471 1299 1523 agam
1323 1454 1596 1522 maximaS,
1621 1454 1681 1506 in
1703 1453 1915 1522 primis«

282 1527 461 1577 autem
512 1526 627 1577 viro
692 1525 997 1577 doctissimo
1052 1527 1106 1576 et
1150 1524 1536 1577 humanissimo
1585 1523 1890 1578 Eduardo

282 1594 509 1647 Woelf
518 1594 717 1662 fl1no
766 1595 859 1663 qui
906 1594 1178 1664 egregiam
1215 1594 1556 1647 collationem
1593 1592 1894 1648 00181111-

283 1665 537 1735 gallensis
572 1664 706 1717 mihi
743 1683 856 1717 non
902 1664 1061 1718 modo
1100 1664 1455 1745 comparavit,
1511 1663 1604 1744 sed
1639 1681 1705 1716 ex
1739 1666 1892 1733 parte

284 1734 495 1803 quidem
535 1735 643 1787 suis
680 1735 928 1787 manibus
963 1735 1175 1803 scripsit
1211 1737 1263 1787 et
1299 1734 1620 1787 amicissimo
1655 1733 1892 1804 collegae

282 1823 402 1858 meo
439 1804 729 1858 Rudolfo
767 1804 1075 1873 Peipero‚
1113 1805 1206 1873 qui
1244 1805 1544 1874 complures
1587 1805 1734 1858 locos
1770 1822 1892 1858 acu·

282 1875 481 1928 tissime
521 1878 573 1927 et
610 1875 1001 1944 elegantissime
1040 1874 1355 1927 emendavit.
