1956 3178
234 141 416 178 xxvm
844 119 1263 164 PRAEFArio.

377 242 558 295 Etiam
619 241 825 309 reliqua
884 239 1107 292 nomina
1165 239 1231 303 iis
1293 257 1428 308 quae
1488 239 1546 290 in
1606 237 1894 292 codicibus
1937 283 1943 302 2

229 317 509 386 praecipue
540 314 649 367 LG
688 314 1002 366 exhibentur
1043 313 1315 365 simillima
1354 315 1480 365 sunt
1515 314 1578 364 ut

1931 226 1956 246 .,

1934 247 1956 298 3

305 406 374 473 (v.
426 403 593 472 6725)
663 403 726 455 (16
789 401 1020 455 Pevonie
1083 400 1437 453 Pretemissus
1492 403 1545 453 et
1605 391 1880 470 Therepex

231 509 300 516 ——
341 479 403 530 de
443 477 636 546 peonia
673 480 1035 545 praetemesus
1074 479 1321 544 teropeus
1364 473 1427 527 G.

305 566 373 634 (v.
393 564 560 635 6747)
579 566 642 617 (16
658 563 806 617 Frise
831 563 1098 632 Xantipus
1124 567 1177 616 et
1199 562 1450 615 Misceres
1476 566 1529 615 et
1540 562 1877 616 Alcamus—

231 641 293 691 de
332 640 493 709 frigia
532 639 778 691 ascanius
817 639 1067 706 xatippus
1109 640 1162 689 et
1198 654 1458 689 merceres
1501 636 1564 690 G.

304 726 373 798 (v.
400 727 567 796 6759)
607 727 669 779 (16
694 726 865 779 Boece
890 726 1223 795 AmphimaS,
1261 725 1475 778 Fortius
1515 728 1568 777 et
1593 723 1781 778 Sanias
1806 755 1878 763 —-
1951 698 1953 702 Α

231 802 293 853 (16
334 802 514 854 boetia
554 801 735 853 sanias
777 800 1009 852 asimaus
1051 802 1103 852 et
1140 800 1365 868 phortus
1407 798 1470 852 G.

305 888 374 959 (V.
431 887 598 959 6771)
654 889 716 940 (16
757 887 950 941 Botine
1004 887 1236 940 Boethes
1292 891 1345 939 et
1390 886 1639 955 Epistroz
1686 917 1756 924 —
1811 887 1879 940 (16

230 964 448 1015 boetino
488 962 832 1031 Epistropilis
874 965 926 1013 et
965 962 1173 1014 boetius
1215 960 1264 1014 G

304 1048 372 1118 (v.
413 1049 581 1118 6785)
620 1050 684 1102 (16
722 1049 1032 1119 Paflagoine
1066 1047 1340 1100 Filimenis
1381 1049 1594 1101 omissis
1632 1047 1877 1117 Antipho

231 1131 283 1175 et
321 1122 550 1175 Mesthle
590 1154 658 1160 —
701 1123 763 1175 de
802 1122 1107 1192 plafaconia
1145 1121 1481 1190 phillemenis
1523 1121 1574 1175 G

304 1210 372 1279 (v.
399 1211 567 1280 6832)
593 1211 655 1263 (16
682 1210 942 1280 Ethiopes
957 1210 1158 1278 Perses,
1181 1209 1582 1262 Mennon--de
1607 1209 1881 1279 aethiopia

148 1347 151 1349 ¹
228 1302 408 1352 perses
442 1289 495 1336 et
533 1303 729 1337 menno
763 1284 814 1337 G

304 1371 373 1442 (v.
400 1371 567 1443 6853)
593 1373 656 1424 de
680 1373 977 1426 Theresche
1002 1372 1238 1425 Theseus
1279 1375 1331 1424 et
1369 1371 1691 1441 Archilogus
1716 1402 1787 1409 —
1811 1371 1879 1424 de

229 1447 397 1498 tracia
435 1446 626 1499 heseus
668 1450 721 1499 et
759 1447 1032 1516 argilogus
1074 1445 1124 1499 G

303 1533 373 1604 (v.
414 1535 580 1604 6863)
619 1535 906 1588 D’Astesse
944 1534 1081 1587 Fion
1121 1537 1174 1587 et
1210 1534 1411 1587 Esdras
1443 1564 1515 1570 —
1540 1533 1603 1585 de
1643 1532 1881 1603 agrestia

231 1607 475 1660 adrastus
517 1613 569 1660 et
608 1610 853 1678 amphius
895 1609 945 1662 G

305 1695 373 1765 (v.
429 1698 597 1767 6671)
652 1698 715 1750 de
775 1698 990 1750 Lizonie
1052 1696 1352 1764 Pistroplex
1406 1727 1475 1732 —
1512 1691 1586 1747 ‘de
1648 1660 1878 1748 auzona
1933 1660 1956 1745 J

228 1770 566 1839 epistrophus
607 1771 657 1824 G

375 1868 629 1937 Egregie,
688 1870 748 1918 ut
796 1866 898 1917 hoc
947 1866 1158 1915 tantum
1210 1859 1423 1923 addam,
1481 1874 1602 1910 cum
1659 1855 1770 1908 cod.
1822 1839 1906 1908 G*

227 1942 570 1995 consentiunt
627 1940 847 1993 nomina
907 1939 1180 2006 portarum
1246 1932 1456 1999 Troiae,
1527 1929 1668 1998 apud
1730 1928 1875 1981 hunc

227 2013 296 2084 (v.
337 2014 512 2083 3132)
551 2012 912 2066 Antenoridas
944 2007 1277 2061 Dardanides
1316 2005 1441 2056 Ylia
1480 2001 1586 2056 Cea
1624 2001 1870 2070 Tynbree
1933 2032 1956 2070 ·;

228 2088 474 2156 Troiana,
514 2088 653 2156 apud
692 2088 843 2139 illum
869 2086 941 2156 (p.
967 2085 1016 2151 6,
1060 2081 1151 2149 14)
1175 2077 1503 2132 Antenoride
1543 2074 1868 2128 dardanidae
1918 2114 1923 2117 .

227 2162 407 2214 iliasce
445 2162 678 2229 tymbria
715 2161 940 2212 troiana.

376 2234 674 2287 Occurrunt
719 2234 880 2285 etiam
925 2229 1186 2283 nonnulla
1229 2226 1451 2279 nomina
1489 2243 1521 2276 a
1558 2222 1874 2292 vulgaribus

228 2308 451 2376 diversa,
489 2309 682 2360 Aeetes
723 2307 792 2375 (v.
821 2303 986 2374 1150)
1027 2303 1199 2370 Oetes,
1237 2301 1517 2367 Astyanax
1551 2295 1622 2366 (v.
1664 2291 1868 2364 15388)
1945 2342 1949 2343 ⁷

227 2381 578 2434 Asternautes
627 2381 947 2450 appellatur,
1003 2377 1355 2444 Clytemestra
1393 2372 1463 2440 (v.
1511 2368 1716 2438 27951)
1763 2366 1869 2421 Cli-
1927 2370 1932 2376 '

227 2458 439 2524 mestra,
459 2454 726 2507 Molossus
739 2454 881 2505 filius
895 2451 1086 2519 Pyrrhi
1100 2453 1152 2502 et
1159 2445 1568 2500 Andromachae
1576 2443 1646 2511 (v,
1663 2438 1874 2511 29620)

226 2527 532 2580 Achillides.
611 2526 714 2580 Sed
753 2525 1042 2579 secundum
1082 2519 1519 2575 consuetudinem
1555 2516 1698 2568 illius
1735 2517 1869 2567 tem·

226 2601 370 2668 poris
389 2603 446 2653 in
469 2601 776 2654 nominibus
800 2598 1066 2668 fingendis
1088 2598 1246 2664 poeta
1267 2592 1483 2645 liberior
1501 2593 1602 2657 est,
1619 2609 1622 2612 ⁴
1641 2587 1874 2642 occurrit
1919 2633 1936 2653 ,7

228 2671 296 2742 (v.
320 2673 485 2744 1134)
501 2674 766 2727 laconites
779 2674 906 2726 urbs
923 2671 1120 2737 AeetiS,
1136 2667 1206 2737 (v,
1217 2664 1385 2736 2493)
1404 2663 1573 2718 Cedar
1588 2661 1867 2729 Troianus,

226 2745 296 2814 (v·
337 2747 504 2815 2539)
545 2746 878 2817 semaam,
923 2746 995 2815 (v.
1043 2741 1211 2812 2615)
1250 2738 1498 2793 eliachin
1535 2736 1678 2788 finus
1722 2733 1866 2804 regis
1903 2765 1906 2767 -
1946 2739 1956 2763 2

227 2818 773 2890 Carthaginiensium,
813 2819 883 2890 (v.
921 2816 1091 2889 4220)
1141 2817 1267 2868 urbs
1307 2810 1708 2878 Estrimestree,
1759 2806 1864 2859 for·
1908 2818 1910 2820 ·

228 2895 372 2944 tasse
397 2897 667 2963 corrupta,
706 2898 767 2946 ut
804 2894 1131 2947 Frommann
1171 2891 1371 2957 censet,
1411 2904 1475 2939 ex
1514 2882 1869 2954 Clytemestra
1924 2936 1931 2947 ,

1884 3161 1910 3178 “vt
1903 3143 1905 3145 .
1903 3076 1906 3077 η
1895 3054 1898 3056 <

1915 3099 1956 3178 ’Μὶν
1916 3046 1956 3088 ..,”
