1956 3178
522 134 600 178 DE
634 132 883 179 EXCIDIO
918 132 1142 179 TROIAE
1175 132 1479 178 HISTORIA.
1792 134 1827 186 5

169 256 442 327 pollicitus
483 260 578 309 est.
654 254 933 323 HerculeS,
979 254 1073 307 ubi
1119 254 1360 307 omnium
1399 254 1704 307 voluntates
1744 255 1824 306 in-

169 331 397 399 tellexit,
456 348 619 383 naves
670 330 904 399 paravit,
954 328 1150 381 milites
1203 328 1378 399 elegit.
1461 328 1555 384 ubi
1610 331 1824 396 tempus

172 405 358 457 datum
397 408 479 457 est
523 403 913 474 proficiscendi,
960 403 1167 455 litteras
1214 402 1282 454 ad
1321 420 1436 469 θος,
1483 420 1617 471 quos
1670 419 1826 472 roga·

172 481 343 546 verat,
382 479 530 531 misit
567 482 628 531 ut
668 478 914 530 venirent
951 495 1073 529 cum
1113 477 1223 529 suis
1263 477 1538 529 omnibus:
1579 494 1701 529 cum
1741 494 1826 528 ve-

173 553 403 621 nissent,
441 551 669 620 profecti
702 554 829 604 sunt
865 551 924 603 in
954 549 1270 620 Phrygiam:
1312 550 1379 603 ad
1412 548 1630 620 Sigeum
1659 554 1825 603 noctu
1873 563 1892 594 5

174 628 526 679 accesserunt.
596 626 719 678 inde
759 623 1016 678 Hercules
1057 623 1317 677 Telamon
1357 626 1410 676 et
1448 623 1639 677 Peleus
1680 642 1826 677 exer-

172 699 339 752 citum
371 699 689 752 eduxerunt:
730 699 956 751 navibus
998 698 1089 768 qui
1127 698 1394 767 praesidio
1419 701 1599 750 essent
1639 696 1827 751 Casto·

174 790 290 825 rem·
326 777 381 825 et
418 772 691 826 Pollucem
731 775 785 824 et
822 770 1110 825 Nestorem
1149 771 1495 842 reliquerunt.
1571 774 1707 839 quod
1740 772 1829 825 ube?

173 845 526 899 Laomedonti
580 846 695 915 regi
744 845 1055 898 nuntiatum
1094 849 1176 898 est
1221 846 1446 898 classem
1499 844 1827 899 Graecorum

171 920 241 972 ad
281 918 498 990 Sigeum
538 919 846 987 accessisse,
885 922 940 971 et
976 919 1091 988 ipse
1131 937 1253 972 cum
1292 919 1529 989 equestri
1568 920 1724 988 copia
1760 919 1827 972 ad
1856 934 1896 964 10

173 1011 322 1046 mare
372 993 520 1045 venit
569 997 624 1046 et
674 993 851 1061 coepit
900 993 1163 1062 proeliari.
1237 991 1495 1046 Hercules
1553 994 1620 1046 ad
1668 994 1827 1046 Ilium

174 1067 314 1120 ierat
337 1067 770 1135 et'inprudentes
804 1067 896 1136 qui
927 1070 1082 1119 erant
1105 1067 1163 1119 in
1195 1067 1392 1136 oppido
1421 1084 1610 1136 urgere
1636 1068 1828 1136 coepit.

176 1140 319 1210 quod
357 1141 450 1193 ubi
482 1140 837 1194 Laomedonti
875 1140 1184 1193 nuntiatum
1225 1144 1308 1193 est
1331 1141 1510 1210 urgeri
1553 1141 1621 1194 ab
1660 1141 1829 1194 hosti-

174 1215 277 1267 bus
309 1214 491 1282 Ilium,
522 1214 645 1267 ilico
677 1215 961 1267 revertitur
991 1217 1046 1266 et
1075 1214 1134 1266 in
1164 1214 1354 1267 itinere
1387 1215 1576 1268 obvius
1609 1213 1828 1268 Graecis

174 1288 349 1341 factus
397 1288 465 1340 ab
504 1287 734 1341 Hercule
774 1288 1045 1341 occiditur.
1115 1287 1376 1341 Telamon
1422 1288 1628 1357 primus
1668 1289 1827 1341 Ilium
1857 1302 1898 1333 1⁵

177 1362 433 1431 oppidum
479 1362 709 1430 introiit,
756 1363 840 1415 cui
879 1361 1136 1430 Hercules
1175 1362 1390 1415 virtutis
1438 1380 1600 1415 causa
1638 1362 1829 1415 Hesio-

174 1453 303 1489 nam
334 1435 714 1505 Laomedontis
747 1436 890 1506 regis
921 1436 1085 1488 filiam
1118 1436 1260 1489 dono
1301 1435 1460 1489 dedit.
1507 1437 1670 1489 ceteri
1702 1455 1830 1489 uero

174 1510 270 1579 qui
309 1528 431 1562 cum
468 1509 831 1563 Laomedonte
874 1510 1049 1562 ierant
1095 1510 1423 1564 occiduntur.
1485 1509 1745 1574 Priamus,
1772 1511 1831 1563 in

177 1583 415 1654 Phrygia
447 1587 583 1651 erat,
621 1584 715 1636 ubi
748 1602 870 1636 eum
901 1583 1212 1636 Laomedon
1244 1584 1357 1637 eius
1390 1587 1544 1653 pater
1575 1585 1831 1637 exercitui

177 1658 518 1726 praefecerat.
592 1657 850 1710 Hercules
890 1661 944 1710 et
991 1658 1082 1728 qui
1121 1675 1242 1711 cum
1282 1675 1345 1711 eo
1383 1661 1642 1711 venerant
1679 1672 1830 1727 prae·
1856 1672 1899 1702 20

158 1731 301 1783 dam
352 1749 607 1801 magnam
655 1732 897 1784 fecerunt
950 1735 1004 1784 et
1051 1731 1120 1784 ad
1176 1749 1341 1785 naves
1400 1732 1831 1802 deportaverunt.

178 1805 301 1857 inde
349 1805 567 1858 domum
614 1805 878 1874 proficisci
924 1805 1293 1874 decreverunt,
1340 1805 1601 1859 Telamon
1639 1805 1830 1858 Hesio-

179 1897 307 1931 nam
348 1897 524 1932 secum
565 1880 824 1932 convexit.

327 1952 420 2005 IV.
495 1951 615 2006 Hoc
654 1954 745 2006 ubi
783 1953 997 2006 Priamo
1037 1954 1345 2005 nuntiatum
1378 1957 1461 2005 est
1498 1957 1707 2022 patrem
1748 1971 1832 2006 oc-

178 2027 373 2095 cisum,
413 2026 553 2079 cives
594 2027 830 2095 direptos
840 2069 853 2095 ‚
900 2027 1152 2096 praedam
1191 2028 1488 2095 devectam,
1535 2026 1832 2080 Hesionam
1858 2040 1901 2071 2⁵

302 2257 336 2303 2“
361 2273 503 2304 naues
528 2260 615 2303 XII
640 2259 683 2304 G
711 2262 715 2315 Ι
744 2259 908 2318 elegit]
942 2259 1131 2316 parauit
1162 2259 1205 2305 G
1325 2265 1354 2304 4
1386 2262 1440 2304 ut
1462 2260 1678 2306 uenirent
1706 2261 1836 2305 misit

184 2319 246 2362 M
305 2318 522 2363 uenirent
568 2318 657 2373 Qui
704 2319 747 2363 G
779 2316 789 2374 1
821 2332 927 2362 cum
975 2318 1232 2377 uenissent]
1273 2319 1622 2375 conuenissent3
1668 2319 1732 2364 Et
1775 2320 1838 2364 M

179 2383 209 2422 5
235 2377 361 2422 ad—
377 2379 670 2423 accesserunt
692 2391 775 2422 om.
803 2376 845 2422 G
966 2383 992 2422 6
1017 2378 1196 2435 peleius
1221 2378 1264 2422 G
1387 2383 1410 2422 7
1438 2391 1463 2422 e
1487 2378 1689 2423 nauibus
1713 2392 1835 2435 quae

178 2436 225 2480 G
292 2436 583 2494 nauibusque
624 2437 687 2480 M
811 2442 838 2481 8
886 2436 1011 2493 quod
1049 2436 1132 2482 ubi
1176 2437 1342 2482 addidi
1482 2443 1507 2482 9
1556 2437 1745 2482 classim
1793 2438 1836 2482 G

187 2502 240 2540 10
273 2498 320 2540 et
356 2495 477 2554 ipse]
519 2495 788 2540 Laomedon
826 2495 870 2539 G
992 2501 1044 2540 11
1086 2496 1333 2553 coepitque
1373 2495 1416 2539 G
1539 2501 1593 2540 12
1633 2496 1835 2554 pruden-
1900 2518 1901 2521 =

180 2556 254 2598 tes
306 2554 369 2598 M
401 2557 406 2609 Ι
441 2553 491 2598 111
537 2555 712 2612 oppido
758 2567 842 2599 om.
893 2555 956 2599 M
988 2557 993 2609 ξ
1029 2568 1301 2611 oppugnare
1357 2554 1399 2598 G
1493 2554 1742 2612 obiurgare
1790 2557 1835 2599 B

186 2617 239 2656 13
275 2612 500 2670 oppidum
530 2614 591 2658 ab
623 2613 668 2658 h.
700 2614 951 2672 inpugnari
982 2613 1122 2657 Ilium
1147 2614 1191 2658 G
1313 2618 1367 2657 14
1398 2613 1588 2658 obuiam
1612 2613 1656 2659 G
1780 2621 1834 2659 15

180 2671 313 2728 prius
347 2671 410 2715 M
440 2674 445 2727 Ι
482 2671 621 2716 11111111
653 2686 736 2717 om.
770 2672 814 2717 G
937 2678 990 2717 17
1032 2672 1366 2717 Laomedontis
1406 2672 1492 2716 filii
1527 2672 1610 2728 qui
1642 2687 1746 2717 cum
1779 2687 1835 2718 eo

186 2730 374 2775 fuerant
405 2731 679 2776 occiduntur
708 2732 973 2789 hypsipilus
997 2731 1229 2775 uolcontis
1254 2731 1459 2787 a'mpitus
1484 2730 1527 2775 G
1568 2732 1838 2788 (Amphitus

183 2788 458 2846 Hysiphilus
488 2789 745 2835 Volcontus
777 2791 905 2847 apud
938 2791 1158 2835 Iscanum
1189 2791 1243 2834 de
1274 2780 1386 2834 bello
1418 2790 1623 2835 Troiano
1648 2791 1684 2835 I
1712 2796 1835 2845 446).

188 2852 241 2892 19
281 2849 416 2903 pater
457 2847 555 2892 eius
595 2848 638 2892 G
758 2854 813 2893 21
855 2849 1110 2906 deportant
1151 2849 1214 2892 M
1331 2854 1386 2893 23
1427 2863 1582 2893 secum
1623 2849 1758 2894 duxit
1789 2850 1836 2893 B

183 2910 242 2950 25
275 2907 398 2951 ciues
431 2905 639 2963 direptos
671 2920 755 2951 om.
792 2908 852 2951 M
877 2910 882 2963 1
911 2910 1121 2952 enectam
1156 2908 1216 2951 M
1223 2907 1266 2951 G
1296 2921 1378 2952 nos
1410 2908 1669 2953 deuectam.
