1956 3178
261 142 333 194 48
812 145 1075 190 DARETIS
1106 146 1361 193 PHRYGII

411 263 519 316 XL.
596 264 973 333 Agamemnon
1019 266 1157 318 clam
1202 271 1366 320 noctu
1412 285 1596 322 omnes
1642 270 1800 324 duces
1845 274 1905 326 in

264 337 546 390 consilium
587 341 847 390 convocat
886 338 1071 391 eadem
1109 339 1294 409 refert,
1334 341 1462 411 quid
1504 343 1691 413 cuique
1729 345 1903 399 videa·

262 414 351 462 tur
397 411 568 463 dicere
615 411 859 480 imperat.
936 413 1184 466 omnibus
1223 415 1480 483 placitum
1527 420 1629 485 est,
1674 421 1735 471 ut
1771 419 1903 472 fides

264 485 627 552 proditoribus
654 489 965 538 servaretur.
1035 485 1220 540 Ulixes
1250 492 1304 540 et
1325 487 1525 542 Nestor
1563 490 1811 545 dixerunt
1849 509 1904 546 00

218 575 240 608 5
264 558 432 610 vereri
456 558 594 611 hanc
619 576 730 610 rem
769 559 967 628 subire,
999 559 1385 629 Neoptolemus
1409 563 1509 616 hos
1534 564 1753 634 refutat,
1778 565 1905 621 dum

263 632 404 683 inter
444 650 499 684 se
540 635 768 700 certant,
807 633 1064 701 placitum
1097 638 1178 687 est
1214 636 1427 705 signum
1460 655 1492 689 a
1522 637 1904 707 Polydamante

265 706 405 774 exigi
459 709 514 758 et
566 706 620 758 id
673 707 850 775 ipsum
904 712 1115 776 propter
1169 707 1423 763 Sinonem
1471 711 1538 763 ad
1583 711 1806 766 Aenean
1852 716 1926 766 et.

263 779 539 831 Anchisen
594 784 646 832 et
698 781 1030 833 Antenorem
1091 782 1246 835 mitti.
1340 782 1509 837 Sinon
1570 785 1638 838 ad
1689 785 1906 840 Troiam

263 853 620 920 proficiscitur
666 857 720 906 et
767 855 892 923 quia
937 855 1178 907 nondum
1225 857 1398 910 claves
1449 862 1635 926 portae
1681 859 1930 931 Amphis

198 944 242 976 1ο
266 927 486 979 machus
511 928 821 980 custodibus
844 928 1159 996 tradiderat,
1199 931 1354 1000 signo
1380 931 1505 984 dato
1531 931 1700 986 Sinon
1721 951 1905 987 vocem

263 1001 478 1052 Aeneae
535 1004 588 1052 et
640 1001 908 1054 Anchisae
955 1005 1010 1054 et
1054 1003 1347 1057 Antenoris
1402 1005 1664 1060 audiendo
1715 1007 1905 1060 confir-

264 1077 440 1126 matus
495 1074 894 1144 Agamemnoni
947 1076 1235 1129 renuntiat.
1334 1080 1462 1131 tunc
1515 1080 1768 1147 placitum
1825 1085 1907 1134 est

266 1147 538 1215 omnibus,
585 1152 645 1200 ut
683 1149 815 1200 fides
864 1149 1077 1201 daretur
1108 1150 1448 1205 iureiurando
1488 1153 1907 1222 confirmaretur,

265 1224 325 1272 ut
372 1222 418 1273 si
465 1222 721 1290 oppidum
767 1223 1013 1291 proxima
1057 1227 1213 1276 nocte
1258 1225 1606 1280 tradidissent
1642 1226 1907 1283 Antenori

199 1310 240 1343 15
265 1293 587 1364 Ucalegonti
626 1295 1004 1364 Polydamanti
1041 1298 1254 1350 Aeneae
1294 1297 1493 1352 Doloni
1541 1300 1754 1370 suisque
1794 1319 1904 1355 om·

262 1368 422 1420 nibus
477 1369 790 1438 parentibus
851 1370 983 1423 fides
1041 1376 1340 1424 servaretur
1391 1391 1490 1427 nec
1543 1392 1655 1428 non
1721 1375 1904 1429 liberis

265 1442 583 1512 coniugibus
624 1444 1036 1513 consanguineis
1070 1445 1254 1498 amicis
1293 1447 1631 1516 propinquis,
1669 1449 1762 1518 qui
1798 1467 1905 1503 una

264 1520 648 1569 consenserant
711 1536 910 1586 suaque
972 1519 1154 1570 omnia
1207 1519 1497 1573 incolumia
1550 1522 1651 1574 sibi
1707 1522 1904 1576 habere

263 1589 433 1642 liceat.
494 1591 596 1643 hoc
634 1594 792 1659 pacto
825 1591 1140 1645 confirmato
1178 1595 1231 1645 et
1269 1593 1609 1650 iureiurando
1649 1594 1903 1650 adstricto

385 1813 407 1851 1
442 1810 577 1853 nocte
602 1809 645 1852 L
672 1811 676 1864 1
706 1809 845 1854 duces
870 1822 954 1854 om.
981 1809 1023 1853 G
1143 1817 1168 1855 2
1195 1813 1334 1856 uocat
1358 1811 1401 1856 G
1427 1814 1433 1867 l
1462 1812 1692 1870 quidquid
1714 1813 1758 1857 L
1876 1818 1902 1858 3

263 1865 432 1957 dicereh
455 1866 498 1909 L
527 1869 580 1911 in
610 1882 752 1925 mom-9.
783 1871 787 1924 Ι
815 1868 938 1913 unde
970 1869 1185 1916 omnibus
1217 1871 1260 1914 L
1380 1875 1409 1914 4
1447 1873 1599 1916 uereri
1629 1886 1677 1917 00
1713 1871 1757 1918 G
1876 1878 1902 1916 5

436 1935 505 1959 auc

263 1983 449 2037 omnem
485 1984 584 2015 rem
622 1970 665 2013 L
731 1971 854 2015 hanc
891 1971 1206 2016 temeritatem
1245 1973 1288 2018 G
1321 1974 1329 2029 Ι
1362 1973 1511 2031 Neop.
1549 1975 1664 2019 item
1707 1988 1784 2020 eos
1825 1973 1901 2034 G!

264 2037 391 2061 omnla

262 2072 348 2116 hos
372 2072 416 2115 L
516 2078 541 2117 6
567 2072 679 2116 dum
703 2072 746 2115 L
767 2074 820 2117 in
843 2087 985 2131 mary.
1021 2077 1027 2129 Ι
1063 2077 1302 2120 certantur
1324 2075 1368 2119 L
1468 2081 1492 2120 7
1518 2077 1633 2121 exiit
1649 2076 1692 2122 G
1719 2078 1724 2132 Ι
1752 2076 1903 2134 psino-

262 2145 370 2174 nem
400 2130 517 2184 LG,
555 2134 748 2189 propter
777 2132 827 2176 id
857 2133 888 2176 i.
920 2133 1202 2179 Dederichus
1323 2140 1349 2179 8
1382 2136 1431 2179 et
1465 2148 1547 2179 om.
1581 2135 1624 2180 G
1650 2138 1656 2190 Ι
1682 2135 1832 2180 mittit
1862 2134 1905 2181 G

265 2196 291 2234 9
323 2194 488 2246 portae
521 2203 604 2233 om.
638 2190 682 2234 G
707 2193 713 2246 Ι
742 2193 856 2235 cust.
890 2192 1058 2249 Amph.
1084 2192 1127 2236 G
1250 2199 1304 2238 10
1328 2207 1441 2238 uoce
1467 2193 1510 2238 G
1631 2200 1684 2239 11
1715 2193 1904 2239 anchise

264 2248 502 2292 antenoris
534 2262 719 2305 quoque
745 2249 788 2293 G
815 2253 819 2303 Ι
848 2251 1148 2302 confirmatur
1172 2251 1216 2296 G
1337 2257 1390 2296 12
1421 2253 1602 2310 placuit
1623 2253 1838 2298 omnibus
1862 2251 1905 2298 G

267 2312 319 2352 13
359 2307 500 2351 fidem
540 2307 643 2351 dari
679 2308 865 2352 foedere
904 2309 1078 2354 firmari
1117 2311 1216 2355 iure
1255 2310 1452 2356 iurando
1530 2312 1698 2370 stringi
1736 2311 1781 2357 G
1809 2315 1906 2356 bwm

263 2423 428 2454 cauere
461 2410 552 2455 sibi
583 2411 642 2454 ab
674 2410 747 2454 his
771 2413 825 2454 ut
849 2425 956 2468 opp.
983 2411 1026 2456 G
1085 2415 1133 2456 et
1156 2379 1322 2470 capere
1354 2413 1411 2457 de
1442 2413 1516 2458 his
1541 2413 1631 2458 sibi
1653 2416 1709 2459 ut
1729 2427 1838 2471 opp.
1862 2413 1906 2457 L

267 2517 322 2556 14
363 2480 636 2558 tradidissent
667 2479 715 2557 ξι
744 2513 787 2556 L
857 2513 1091 2569 prodisset
1125 2517 1207 2559 aut
1246 2515 1288 2560 G
1323 2518 1328 2572 ι
1364 2516 1667 2572 ypedamanti
1696 2516 1740 2560 L
1808 2517 1903 2561 snt.

264 2585 407 2615 eneae
446 2571 694 2630 ucalegoni
733 2571 1031 2628 phidamanti
1062 2573 1203 2618 dolon
1236 2574 1278 2618 G
1403 2579 1457 2618 15
1488 2574 1659 2619 Doloni
1691 2575 1899 2633 suisque]

264 2629 564 2686 dolosuisque
597 2631 640 2673 L
761 2636 815 2675 16
846 2630 1144 2676 fides—non
1175 2646 1258 2676 om.
1285 2632 1328 2677 G
1451 2639 1503 2677 17
1537 2647 1668 2690 prop.
1701 2647 1790 2678 am.
1824 2632 1867 2678 G
1893 2633 1899 2691 Ι

264 2731 347 2788 qui
390 2745 473 2776 om.
520 2732 584 2788 L,
624 2747 808 2790 quoque
851 2732 894 2777 G
1022 2738 1076 2778 18
1115 2701 1445 2780 consenserant
1484 2735 1529 2780 L
1588 2735 1906 2780 coniurassent

266 2790 480 2837 omnibus
512 2791 652 2835 fidem
682 2792 882 2848 prestari
906 2791 948 2836 G
975 2794 980 2847 Ι
1009 2806 1186 2848 suaque
1215 2807 1358 2838 causa
1387 2794 1545 2838 omnia
1575 2794 1823 2851 (incoloma
1851 2795 1904 2838 in

263 2852 425 2905 ‘mem-9.)
466 2849 558 2894 sibi
595 2851 641 2893 h.
680 2851 711 2894 l.
753 2850 796 2893 L
865 2865 1038 2907 suaque
1079 2865 1211 2895 sacra
1241 2852 1364 2896 bona
1396 2866 1436 2907 0.
1470 2853 1560 2897 sibi
1593 2852 1830 2900 incolonia
1856 2853 1902 2896 h.

266 2920 401 2962 posse
426 2907 469 2951 G
533 2911 580 2954 et
611 2910 716 2954 add.
759 2909 803 2952 V
927 2915 980 2954 19
1014 2909 1101 2954 hoc
1137 2923 1220 2954 om.
1252 2911 1296 2953 L
1321 2913 1329 2967 Ι
1356 2913 1403 2955 et
1433 2924 1516 2956 om.
1548 2911 1644 2956 LG
1669 2912 1676 2968 Ι
1703 2911 1902 2959 asti-„Ga
