<?xml version="1.0" encoding="UTF-8"?>
<!DOCTYPE html PUBLIC "-//W3C//DTD XHTML 1.0 Transitional//EN"
    "http://www.w3.org/TR/xhtml1/DTD/xhtml1-transitional.dtd">
<html xmlns="http://www.w3.org/1999/xhtml" xml:lang="en" lang="en">
 <head>
  <title>
</title>
<meta http-equiv="Content-Type" content="text/html;charset=utf-8" />
  <meta name='ocr-system' content='tesseract 3.04.00' />
  <meta name='ocr-capabilities' content='ocr_page ocr_carea ocr_par ocr_line ocrx_word'/>
</head>
<body>
  <div class='ocr_page' id='page_1' title='image "./dictyscretensise00dictuoft_0034.png"; bbox 0 0 1956 3178; ppageno 0'>
   <div class='ocr_carea' id='block_1_1' title="bbox 238 93 1338 175">
    <p class='ocr_par' dir='ltr' id='par_1_1' title="bbox 238 93 1338 175">
     <span class='ocr_line' id='line_1_1' title="bbox 238 93 1338 175; baseline -0.007 0"><span class='ocrx_word' id='word_1_1' title='bbox 238 124 304 175; x_wconf 84' lang='lat'>12</span> <span class='ocrx_word' id='word_1_2' title='bbox 370 93 376 98; x_wconf 38' lang='grc'>’</span> <span class='ocrx_word' id='word_1_3' title='bbox 755 125 972 167; x_wconf 78' lang='lat' dir='ltr'>DIGTYs</span> <span class='ocrx_word' id='word_1_4' title='bbox 1005 123 1338 167; x_wconf 80' lang='lat' dir='ltr'>CRETENSIS</span> 
     </span>
    </p>
   </div>
   <div class='ocr_carea' id='block_1_2' title="bbox 172 248 1850 1715">
    <p class='ocr_par' dir='ltr' id='par_1_2' title="bbox 172 248 1850 1715">
     <span class='ocr_line' id='line_1_2' title="bbox 236 248 1846 319; baseline -0.001 -17"><span class='ocrx_word' id='word_1_5' title='bbox 236 252 504 302; x_wconf 84' lang='lat' dir='ltr'>exsectum</span> <span class='ocrx_word' id='word_1_6' title='bbox 542 249 734 302; x_wconf 75' lang='lat' dir='ltr'><strong>orienti</strong></span> <span class='ocrx_word' id='word_1_7' title='bbox 761 248 1127 317; x_wconf 90' lang='lat' dir='ltr'>occidentique</span> <span class='ocrx_word' id='word_1_8' title='bbox 1164 248 1368 316; x_wconf 85' lang='lat' dir='ltr'>dividit,</span> <span class='ocrx_word' id='word_1_9' title='bbox 1406 251 1565 317; x_wconf 90' lang='lat' dir='ltr'>atque</span> <span class='ocrx_word' id='word_1_10' title='bbox 1603 249 1846 319; x_wconf 88' lang='lat' dir='ltr'>singulos</span> 
     </span>
     <span class='ocr_line' id='line_1_3' title="bbox 234 317 1843 389; baseline 0 -17"><span class='ocrx_word' id='word_1_11' title='bbox 234 318 447 372; x_wconf 82' lang='lat' dir='ltr'>nudatis</span> <span class='ocrx_word' id='word_1_12' title='bbox 473 319 663 389; x_wconf 83' lang='lat' dir='ltr'>gladiis</span> <span class='ocrx_word' id='word_1_13' title='bbox 700 335 796 387; x_wconf 87' lang='lat' dir='ltr'>per</span> <span class='ocrx_word' id='word_1_14' title='bbox 821 317 1054 371; x_wconf 91' lang='lat' dir='ltr'>medium</span> <span class='ocrx_word' id='word_1_15' title='bbox 1090 319 1317 371; x_wconf 88' lang='lat' dir='ltr'>transire</span> <span class='ocrx_word' id='word_1_16' title='bbox 1355 319 1518 371; x_wconf 89' lang='lat' dir='ltr'>iubet.</span> <span class='ocrx_word' id='word_1_17' title='bbox 1581 318 1705 371; x_wconf 89' lang='lat' dir='ltr'>dein</span> <span class='ocrx_word' id='word_1_18' title='bbox 1729 337 1843 372; x_wconf 86' lang='lat' dir='ltr'>mu-</span> 
     </span>
     <span class='ocr_line' id='line_1_4' title="bbox 236 388 1849 459; baseline -0.001 -17"><span class='ocrx_word' id='word_1_19' title='bbox 236 390 486 442; x_wconf 88' lang='lat' dir='ltr'>cronibus</span> <span class='ocrx_word' id='word_1_20' title='bbox 523 390 783 459; x_wconf 90' lang='lat' dir='ltr'>sanguine</span> <span class='ocrx_word' id='word_1_21' title='bbox 823 389 934 441; x_wconf 88' lang='lat' dir='ltr'>eius</span> <span class='ocrx_word' id='word_1_22' title='bbox 972 389 1181 458; x_wconf 91' lang='lat' dir='ltr'>oblitis,</span> <span class='ocrx_word' id='word_1_23' title='bbox 1229 388 1483 441; x_wconf 75' lang='lat' dir='ltr'>adhibitis</span> <span class='ocrx_word' id='word_1_24' title='bbox 1528 388 1689 440; x_wconf 89' lang='lat' dir='ltr'>etiam</span> <span class='ocrx_word' id='word_1_25' title='bbox 1725 389 1849 441; x_wconf 84' lang='lat' dir='ltr'>aliis</span> 
     </span>
     <span class='ocr_line' id='line_1_5' title="bbox 237 456 1843 527; baseline 0 -15"><span class='ocrx_word' id='word_1_26' title='bbox 237 459 303 512; x_wconf 91' lang='lat' dir='ltr'>ad</span> <span class='ocrx_word' id='word_1_27' title='bbox 342 478 458 512; x_wconf 92' lang='lat' dir='ltr'>eam</span> <span class='ocrx_word' id='word_1_28' title='bbox 494 477 607 511; x_wconf 89' lang='lat' dir='ltr'>rem</span> <span class='ocrx_word' id='word_1_29' title='bbox 632 459 959 527; x_wconf 79' lang='lat' dir='ltr'>necessariiS,</span> <span class='ocrx_word' id='word_1_30' title='bbox 996 459 1305 512; x_wconf 73' lang='lat' dir='ltr'>inimicitias</span> <span class='ocrx_word' id='word_1_31' title='bbox 1344 459 1445 511; x_wconf 90' lang='lat' dir='ltr'>sibi</span> <span class='ocrx_word' id='word_1_32' title='bbox 1485 457 1605 511; x_wconf 88' lang='lat' dir='ltr'>cum</span> <span class='ocrx_word' id='word_1_33' title='bbox 1629 456 1843 512; x_wconf 86' lang='lat' dir='ltr'>Priamo</span> 
     </span>
     <span class='ocr_line' id='line_1_6' title="bbox 195 527 1846 598; baseline -0.001 -17"><span class='ocrx_word' id='word_1_34' title='bbox 195 543 215 575; x_wconf 86' lang='lat'>5</span> <span class='ocrx_word' id='word_1_35' title='bbox 237 547 334 597; x_wconf 94' lang='lat' dir='ltr'>per</span> <span class='ocrx_word' id='word_1_36' title='bbox 379 529 696 598; x_wconf 81' lang='lat' dir='ltr'>religionem</span> <span class='ocrx_word' id='word_1_37' title='bbox 747 530 1091 582; x_wconf 85' lang='lat' dir='ltr'>confirmant:</span> <span class='ocrx_word' id='word_1_38' title='bbox 1146 547 1319 598; x_wconf 90' lang='lat' dir='ltr'>neque</span> <span class='ocrx_word' id='word_1_39' title='bbox 1367 529 1516 597; x_wconf 90' lang='lat' dir='ltr'>prius</span> <span class='ocrx_word' id='word_1_40' title='bbox 1553 546 1607 580; x_wconf 90' lang='lat' dir='ltr'>se</span> <span class='ocrx_word' id='word_1_41' title='bbox 1644 527 1846 580; x_wconf 90' lang='lat' dir='ltr'>bellum</span> 
     </span>
     <span class='ocr_line' id='line_1_7' title="bbox 236 598 1844 668; baseline 0.001 -18"><span class='ocrx_word' id='word_1_42' title='bbox 236 599 551 667; x_wconf 81' lang='lat' dir='ltr'>deserturOS,</span> <span class='ocrx_word' id='word_1_43' title='bbox 580 617 741 667; x_wconf 93' lang='lat' dir='ltr'>quam</span> <span class='ocrx_word' id='word_1_44' title='bbox 765 599 925 651; x_wconf 91' lang='lat' dir='ltr'>Ilium</span> <span class='ocrx_word' id='word_1_45' title='bbox 945 602 1104 668; x_wconf 90' lang='lat' dir='ltr'>atque</span> <span class='ocrx_word' id='word_1_46' title='bbox 1132 617 1289 652; x_wconf 90' lang='lat' dir='ltr'>omne</span> <span class='ocrx_word' id='word_1_47' title='bbox 1315 616 1541 668; x_wconf 92' lang='lat' dir='ltr'>regnum</span> <span class='ocrx_word' id='word_1_48' title='bbox 1563 598 1844 652; x_wconf 77' lang='lat' dir='ltr'>eruissent.</span> 
     </span>
     <span class='ocr_line' id='line_1_8' title="bbox 237 667 1847 737; baseline 0 -17"><span class='ocrx_word' id='word_1_49' title='bbox 237 669 354 737; x_wconf 89' lang='lat' dir='ltr'>quis</span> <span class='ocrx_word' id='word_1_50' title='bbox 391 669 642 737; x_wconf 86' lang='lat' dir='ltr'>perfectis</span> <span class='ocrx_word' id='word_1_51' title='bbox 690 687 821 737; x_wconf 90' lang='lat' dir='ltr'>pure</span> <span class='ocrx_word' id='word_1_52' title='bbox 858 669 991 721; x_wconf 90' lang='lat' dir='ltr'>lauti</span> <span class='ocrx_word' id='word_1_53' title='bbox 1028 669 1257 722; x_wconf 84' lang='lat' dir='ltr'>Martem</span> <span class='ocrx_word' id='word_1_54' title='bbox 1293 672 1452 737; x_wconf 90' lang='lat' dir='ltr'>atque</span> <span class='ocrx_word' id='word_1_55' title='bbox 1493 667 1847 722; x_wconf 83' lang='lat' dir='ltr'>Concordiam</span> 
     </span>
     <span class='ocr_line' id='line_1_9' title="bbox 235 739 1511 808; baseline 0 -18"><span class='ocrx_word' id='word_1_56' title='bbox 235 739 417 791; x_wconf 90' lang='lat' dir='ltr'>multis</span> <span class='ocrx_word' id='word_1_57' title='bbox 455 739 914 792; x_wconf 89' lang='lat' dir='ltr'>immolationibus</span> <span class='ocrx_word' id='word_1_58' title='bbox 953 740 1053 792; x_wconf 88' lang='lat' dir='ltr'>sibi</span> <span class='ocrx_word' id='word_1_59' title='bbox 1090 739 1511 808; x_wconf 83' lang='lat' dir='ltr'>adhospitavere.</span> 
     </span>
     <span class='ocr_line' id='line_1_10' title="bbox 376 808 1847 878; baseline 0 -17"><span class='ocrx_word' id='word_1_60' title='bbox 376 808 522 862; x_wconf 90' lang='lat' dir='ltr'><strong>XVI.</strong></span> <span class='ocrx_word' id='word_1_61' title='bbox 585 809 726 861; x_wconf 90' lang='lat' dir='ltr'>Dein</span> <span class='ocrx_word' id='word_1_62' title='bbox 771 810 829 861; x_wconf 90' lang='lat' dir='ltr'>in</span> <span class='ocrx_word' id='word_1_63' title='bbox 878 810 1079 878; x_wconf 91' lang='lat' dir='ltr'>templo</span> <span class='ocrx_word' id='word_1_64' title='bbox 1123 809 1346 863; x_wconf 88' lang='lat' dir='ltr'>Iunonis</span> <span class='ocrx_word' id='word_1_65' title='bbox 1395 808 1628 878; x_wconf 88' lang='lat' dir='ltr'>Argivae</span> <span class='ocrx_word' id='word_1_66' title='bbox 1677 810 1847 861; x_wconf 85' lang='lat' dir='ltr'>recto-</span> 
     </span>
     <span class='ocr_line' id='line_1_11' title="bbox 173 878 1845 949; baseline -0.001 -19"><span class='ocrx_word' id='word_1_67' title='bbox 173 892 213 924; x_wconf 91' lang='lat'>10</span> <span class='ocrx_word' id='word_1_68' title='bbox 234 896 347 930; x_wconf 89' lang='lat' dir='ltr'>rem</span> <span class='ocrx_word' id='word_1_69' title='bbox 405 880 645 932; x_wconf 90' lang='lat' dir='ltr'>omnium</span> <span class='ocrx_word' id='word_1_70' title='bbox 701 880 956 932; x_wconf 89' lang='lat' dir='ltr'>declarari</span> <span class='ocrx_word' id='word_1_71' title='bbox 1001 879 1217 947; x_wconf 83' lang='lat' dir='ltr'>placuit.</span> <span class='ocrx_word' id='word_1_72' title='bbox 1311 879 1477 949; x_wconf 86' lang='lat' dir='ltr'>igitur</span> <span class='ocrx_word' id='word_1_73' title='bbox 1531 878 1731 948; x_wconf 89' lang='lat' dir='ltr'>singuli</span> <span class='ocrx_word' id='word_1_74' title='bbox 1787 878 1845 930; x_wconf 91' lang='lat' dir='ltr'>in</span> 
     </span>
     <span class='ocr_line' id='line_1_12' title="bbox 234 948 1845 1019; baseline 0 -19"><span class='ocrx_word' id='word_1_75' title='bbox 234 949 445 1001; x_wconf 87' lang='lat' dir='ltr'>tabellis</span> <span class='ocrx_word' id='word_1_76' title='bbox 456 991 470 1017; x_wconf 93' lang='lat'>,</span> <span class='ocrx_word' id='word_1_77' title='bbox 520 967 649 1018; x_wconf 90' lang='lat' dir='ltr'>quas</span> <span class='ocrx_word' id='word_1_78' title='bbox 687 949 753 1002; x_wconf 91' lang='lat' dir='ltr'>ad</span> <span class='ocrx_word' id='word_1_79' title='bbox 799 949 1140 1019; x_wconf 90' lang='lat' dir='ltr'>deligendum</span> <span class='ocrx_word' id='word_1_80' title='bbox 1185 949 1314 1002; x_wconf 90' lang='lat' dir='ltr'>belli</span> <span class='ocrx_word' id='word_1_81' title='bbox 1349 948 1647 1017; x_wconf 88' lang='lat' dir='ltr'>principem</span> <span class='ocrx_word' id='word_1_82' title='bbox 1686 965 1845 1016; x_wconf 89' lang='lat' dir='ltr'>quem</span> 
     </span>
     <span class='ocr_line' id='line_1_13' title="bbox 236 1018 1848 1088; baseline 0 -18"><span class='ocrx_word' id='word_1_83' title='bbox 236 1019 423 1084; x_wconf 87' lang='lat' dir='ltr'>cuique</span> <span class='ocrx_word' id='word_1_84' title='bbox 470 1019 738 1072; x_wconf 88' lang='lat' dir='ltr'>videretur</span> <span class='ocrx_word' id='word_1_85' title='bbox 793 1023 1131 1088; x_wconf 89' lang='lat' dir='ltr'>acceperant,</span> <span class='ocrx_word' id='word_1_86' title='bbox 1185 1019 1403 1072; x_wconf 89' lang='lat' dir='ltr'>Punicis</span> <span class='ocrx_word' id='word_1_87' title='bbox 1462 1018 1654 1070; x_wconf 90' lang='lat' dir='ltr'>litteris</span> <span class='ocrx_word' id='word_1_88' title='bbox 1702 1019 1848 1087; x_wconf 86' lang='lat' dir='ltr'>Aga-</span> 
     </span>
     <span class='ocr_line' id='line_1_14' title="bbox 235 1088 1845 1159; baseline 0 -19"><span class='ocrx_word' id='word_1_89' title='bbox 235 1090 536 1141; x_wconf 88' lang='lat' dir='ltr'>memnonis</span> <span class='ocrx_word' id='word_1_90' title='bbox 572 1107 771 1142; x_wconf 90' lang='lat' dir='ltr'>nomen</span> <span class='ocrx_word' id='word_1_91' title='bbox 809 1089 1107 1159; x_wconf 87' lang='lat' dir='ltr'>designant.</span> <span class='ocrx_word' id='word_1_92' title='bbox 1191 1090 1267 1141; x_wconf 90' lang='lat' dir='ltr'>ita</span> <span class='ocrx_word' id='word_1_93' title='bbox 1305 1106 1565 1142; x_wconf 88' lang='lat' dir='ltr'>consensu</span> <span class='ocrx_word' id='word_1_94' title='bbox 1604 1088 1845 1140; x_wconf 88' lang='lat' dir='ltr'>omnium</span> 
     </span>
     <span class='ocr_line' id='line_1_15' title="bbox 236 1158 1847 1227; baseline 0.001 -18"><span class='ocrx_word' id='word_1_95' title='bbox 236 1158 466 1211; x_wconf 90' lang='lat' dir='ltr'>secundo</span> <span class='ocrx_word' id='word_1_96' title='bbox 514 1177 727 1211; x_wconf 92' lang='lat' dir='ltr'>rumore</span> <span class='ocrx_word' id='word_1_97' title='bbox 776 1178 1036 1212; x_wconf 91' lang='lat' dir='ltr'>summam</span> <span class='ocrx_word' id='word_1_98' title='bbox 1089 1159 1218 1211; x_wconf 90' lang='lat' dir='ltr'>belli</span> <span class='ocrx_word' id='word_1_99' title='bbox 1275 1162 1433 1227; x_wconf 89' lang='lat' dir='ltr'>atque</span> <span class='ocrx_word' id='word_1_100' title='bbox 1482 1158 1744 1211; x_wconf 85' lang='lat' dir='ltr'>exercitus</span> <span class='ocrx_word' id='word_1_101' title='bbox 1789 1158 1847 1210; x_wconf 91' lang='lat' dir='ltr'>in</span> 
     </span>
     <span class='ocr_line' id='line_1_16' title="bbox 174 1227 1850 1298; baseline 0.001 -19"><span class='ocrx_word' id='word_1_102' title='bbox 174 1240 214 1273; x_wconf 87' lang='lat'>15</span> <span class='ocrx_word' id='word_1_103' title='bbox 238 1246 291 1279; x_wconf 91' lang='lat' dir='ltr'>se</span> <span class='ocrx_word' id='word_1_104' title='bbox 339 1229 583 1296; x_wconf 84' lang='lat' dir='ltr'>suscipit:</span> <span class='ocrx_word' id='word_1_105' title='bbox 633 1229 776 1297; x_wconf 91' lang='lat' dir='ltr'>quod</span> <span class='ocrx_word' id='word_1_106' title='bbox 822 1230 870 1281; x_wconf 90' lang='lat' dir='ltr'>ei</span> <span class='ocrx_word' id='word_1_107' title='bbox 928 1233 981 1281; x_wconf 91' lang='lat' dir='ltr'>et</span> <span class='ocrx_word' id='word_1_108' title='bbox 1035 1233 1253 1297; x_wconf 89' lang='lat' dir='ltr'>propter</span> <span class='ocrx_word' id='word_1_109' title='bbox 1310 1245 1651 1298; x_wconf 88' lang='lat' dir='ltr'>germanum,</span> <span class='ocrx_word' id='word_1_110' title='bbox 1698 1227 1850 1280; x_wconf 87' lang='lat' dir='ltr'>cuius</span> 
     </span>
     <span class='ocr_line' id='line_1_17' title="bbox 237 1298 1847 1367; baseline 0.001 -18"><span class='ocrx_word' id='word_1_111' title='bbox 237 1299 409 1366; x_wconf 89' lang='lat' dir='ltr'>gratia</span> <span class='ocrx_word' id='word_1_112' title='bbox 434 1298 633 1350; x_wconf 91' lang='lat' dir='ltr'>bellum</span> <span class='ocrx_word' id='word_1_113' title='bbox 671 1299 725 1350; x_wconf 92' lang='lat' dir='ltr'>id</span> <span class='ocrx_word' id='word_1_114' title='bbox 750 1299 1037 1366; x_wconf 88' lang='lat' dir='ltr'>parabatur</span> <span class='ocrx_word' id='word_1_115' title='bbox 1075 1302 1128 1351; x_wconf 89' lang='lat' dir='ltr'>et</span> <span class='ocrx_word' id='word_1_116' title='bbox 1151 1302 1370 1367; x_wconf 91' lang='lat' dir='ltr'>propter</span> <span class='ocrx_word' id='word_1_117' title='bbox 1395 1315 1645 1367; x_wconf 89' lang='lat' dir='ltr'>magnam</span> <span class='ocrx_word' id='word_1_118' title='bbox 1683 1315 1847 1365; x_wconf 91' lang='lat' dir='ltr'>opum</span> 
     </span>
     <span class='ocr_line' id='line_1_18' title="bbox 237 1367 1850 1438; baseline 0 -19"><span class='ocrx_word' id='word_1_119' title='bbox 237 1367 361 1435; x_wconf 84' lang='lat' dir='ltr'>vim,</span> <span class='ocrx_word' id='word_1_120' title='bbox 401 1368 593 1436; x_wconf 90' lang='lat' dir='ltr'>quibus</span> <span class='ocrx_word' id='word_1_121' title='bbox 630 1373 842 1436; x_wconf 91' lang='lat' dir='ltr'>praeter</span> <span class='ocrx_word' id='word_1_122' title='bbox 889 1372 1091 1422; x_wconf 89' lang='lat' dir='ltr'>ceteros</span> <span class='ocrx_word' id='word_1_123' title='bbox 1131 1369 1382 1420; x_wconf 80' lang='lat' dir='ltr'>Graeciae</span> <span class='ocrx_word' id='word_1_124' title='bbox 1430 1385 1582 1438; x_wconf 90' lang='lat' dir='ltr'>reges</span> <span class='ocrx_word' id='word_1_125' title='bbox 1618 1384 1850 1437; x_wconf 90' lang='lat' dir='ltr'>magnus</span> 
     </span>
     <span class='ocr_line' id='line_1_19' title="bbox 237 1436 1850 1507; baseline 0.001 -19"><span class='ocrx_word' id='word_1_126' title='bbox 237 1441 395 1505; x_wconf 89' lang='lat' dir='ltr'>atque</span> <span class='ocrx_word' id='word_1_127' title='bbox 433 1438 605 1490; x_wconf 90' lang='lat' dir='ltr'>clarus</span> <span class='ocrx_word' id='word_1_128' title='bbox 641 1438 961 1507; x_wconf 83' lang='lat' dir='ltr'>habebatur,</span> <span class='ocrx_word' id='word_1_129' title='bbox 1009 1439 1200 1491; x_wconf 89' lang='lat' dir='ltr'>merito</span> <span class='ocrx_word' id='word_1_130' title='bbox 1239 1437 1520 1491; x_wconf 86' lang='lat' dir='ltr'>acciderat.</span> <span class='ocrx_word' id='word_1_131' title='bbox 1596 1437 1719 1490; x_wconf 87' lang='lat' dir='ltr'>dein</span> <span class='ocrx_word' id='word_1_132' title='bbox 1756 1436 1850 1489; x_wconf 87' lang='lat' dir='ltr'>du·</span> 
     </span>
     <span class='ocr_line' id='line_1_20' title="bbox 236 1507 1847 1576; baseline 0.001 -18"><span class='ocrx_word' id='word_1_133' title='bbox 236 1524 321 1558; x_wconf 90' lang='lat' dir='ltr'>ces</span> <span class='ocrx_word' id='word_1_134' title='bbox 358 1507 762 1575; x_wconf 86' lang='lat' dir='ltr'>praefectosque</span> <span class='ocrx_word' id='word_1_135' title='bbox 788 1509 1007 1561; x_wconf 85' lang='lat' dir='ltr'>navium</span> <span class='ocrx_word' id='word_1_136' title='bbox 1032 1508 1316 1576; x_wconf 80' lang='lat' dir='ltr'>Achillem,</span> <span class='ocrx_word' id='word_1_137' title='bbox 1343 1508 1563 1559; x_wconf 90' lang='lat' dir='ltr'>Aiacem</span> <span class='ocrx_word' id='word_1_138' title='bbox 1601 1511 1654 1559; x_wconf 93' lang='lat' dir='ltr'>et</span> <span class='ocrx_word' id='word_1_139' title='bbox 1676 1507 1847 1560; x_wconf 88' lang='lat' dir='ltr'>Phoe-</span> 
     </span>
     <span class='ocr_line' id='line_1_21' title="bbox 172 1577 1850 1646; baseline 0 -18"><span class='ocrx_word' id='word_1_140' title='bbox 172 1590 213 1622; x_wconf 84' lang='lat'>20</span> <span class='ocrx_word' id='word_1_141' title='bbox 236 1577 410 1629; x_wconf 90' lang='lat' dir='ltr'>nicem</span> <span class='ocrx_word' id='word_1_142' title='bbox 435 1577 720 1630; x_wconf 89' lang='lat' dir='ltr'>destinant.</span> <span class='ocrx_word' id='word_1_143' title='bbox 777 1582 1181 1646; x_wconf 88' lang='lat' dir='ltr'>praeponuntur</span> <span class='ocrx_word' id='word_1_144' title='bbox 1206 1578 1368 1630; x_wconf 92' lang='lat' dir='ltr'>etiam</span> <span class='ocrx_word' id='word_1_145' title='bbox 1394 1577 1678 1645; x_wconf 89' lang='lat' dir='ltr'>campestri</span> <span class='ocrx_word' id='word_1_146' title='bbox 1704 1594 1850 1629; x_wconf 85' lang='lat' dir='ltr'>exer-</span> 
     </span>
     <span class='ocr_line' id='line_1_22' title="bbox 236 1645 1849 1715; baseline 0.001 -17"><span class='ocrx_word' id='word_1_147' title='bbox 236 1646 366 1698; x_wconf 88' lang='lat' dir='ltr'>citui</span> <span class='ocrx_word' id='word_1_148' title='bbox 391 1645 701 1699; x_wconf 88' lang='lat' dir='ltr'>Palamedes</span> <span class='ocrx_word' id='word_1_149' title='bbox 739 1665 860 1699; x_wconf 93' lang='lat' dir='ltr'>cum</span> <span class='ocrx_word' id='word_1_150' title='bbox 885 1648 1145 1700; x_wconf 91' lang='lat' dir='ltr'>Diomede</span> <span class='ocrx_word' id='word_1_151' title='bbox 1185 1651 1238 1700; x_wconf 92' lang='lat' dir='ltr'>et</span> <span class='ocrx_word' id='word_1_152' title='bbox 1275 1647 1459 1715; x_wconf 87' lang='lat' dir='ltr'>Ulixe,</span> <span class='ocrx_word' id='word_1_153' title='bbox 1498 1647 1575 1699; x_wconf 90' lang='lat' dir='ltr'>ita</span> <span class='ocrx_word' id='word_1_154' title='bbox 1611 1650 1672 1699; x_wconf 93' lang='lat' dir='ltr'>ut</span> <span class='ocrx_word' id='word_1_155' title='bbox 1707 1647 1849 1699; x_wconf 87' lang='lat' dir='ltr'>inter</span> 
     </span>
    </p>
   </div>
   <div class='ocr_carea' id='block_1_3' title="bbox 1879 11 1944 37">
    <p class='ocr_par' dir='ltr' id='par_1_3' title="bbox 1879 11 1944 37">
     <span class='ocr_line' id='line_1_23' title="bbox 1879 11 1944 37; baseline 0 -2"><span class='ocrx_word' id='word_1_156' title='bbox 1879 11 1944 37; x_wconf 46' lang='grc' dir='ltr'>δὴ.</span> 
     </span>
    </p>
   </div>
   <div class='ocr_carea' id='block_1_4' title="bbox 236 1715 1889 1786">
    <p class='ocr_par' dir='ltr' id='par_1_4' title="bbox 236 1715 1889 1786">
     <span class='ocr_line' id='line_1_24' title="bbox 236 1715 1889 1786; baseline -0.001 -19"><span class='ocrx_word' id='word_1_157' title='bbox 236 1733 290 1767; x_wconf 91' lang='lat' dir='ltr'>se</span> <span class='ocrx_word' id='word_1_158' title='bbox 318 1715 533 1768; x_wconf 87' lang='lat' dir='ltr'>diurnas</span> <span class='ocrx_word' id='word_1_159' title='bbox 559 1717 971 1786; x_wconf 88' lang='lat' dir='ltr'>vigiliarumque</span> <span class='ocrx_word' id='word_1_160' title='bbox 997 1719 1137 1770; x_wconf 88' lang='lat' dir='ltr'>vices</span> <span class='ocrx_word' id='word_1_161' title='bbox 1164 1717 1495 1785; x_wconf 89' lang='lat' dir='ltr'>dispertiant.</span> <span class='ocrx_word' id='word_1_162' title='bbox 1559 1716 1643 1768; x_wconf 89' lang='lat' dir='ltr'>his</span> <span class='ocrx_word' id='word_1_163' title='bbox 1668 1733 1848 1784; x_wconf 90' lang='lat' dir='ltr'>perac-</span> <span class='ocrx_word' id='word_1_164' title='bbox 1886 1762 1889 1765; x_wconf 86' lang='lat'>.</span> 
     </span>
    </p>
   </div>
   <div class='ocr_carea' id='block_1_5' title="bbox 171 1785 1848 2623">
    <p class='ocr_par' dir='ltr' id='par_1_5' title="bbox 171 1785 1848 2483">
     <span class='ocr_line' id='line_1_25' title="bbox 234 1785 1846 1856; baseline 0.002 -20"><span class='ocrx_word' id='word_1_165' title='bbox 234 1785 304 1837; x_wconf 87' lang='lat' dir='ltr'>tis</span> <span class='ocrx_word' id='word_1_166' title='bbox 362 1785 428 1837; x_wconf 90' lang='lat' dir='ltr'>ad</span> <span class='ocrx_word' id='word_1_167' title='bbox 481 1787 743 1854; x_wconf 88' lang='lat' dir='ltr'>parandas</span> <span class='ocrx_word' id='word_1_168' title='bbox 804 1805 931 1855; x_wconf 92' lang='lat' dir='ltr'>opes</span> <span class='ocrx_word' id='word_1_169' title='bbox 1003 1791 1162 1856; x_wconf 86' lang='lat' dir='ltr'>atque</span> <span class='ocrx_word' id='word_1_170' title='bbox 1223 1788 1579 1839; x_wconf 87' lang='lat' dir='ltr'>instrumenta</span> <span class='ocrx_word' id='word_1_171' title='bbox 1623 1786 1846 1839; x_wconf 86' lang='lat' dir='ltr'>militiae</span> 
     </span>
     <span class='ocr_line' id='line_1_26' title="bbox 237 1855 1844 1926; baseline 0.002 -20"><span class='ocrx_word' id='word_1_172' title='bbox 237 1855 435 1924; x_wconf 85' lang='lat' dir='ltr'>singuli</span> <span class='ocrx_word' id='word_1_173' title='bbox 472 1874 567 1908; x_wconf 89' lang='lat' dir='ltr'>sua</span> <span class='ocrx_word' id='word_1_174' title='bbox 604 1856 664 1908; x_wconf 89' lang='lat' dir='ltr'>in</span> <span class='ocrx_word' id='word_1_175' title='bbox 700 1874 868 1926; x_wconf 89' lang='lat' dir='ltr'>regna</span> <span class='ocrx_word' id='word_1_176' title='bbox 894 1857 1186 1910; x_wconf 90' lang='lat' dir='ltr'>discedunt.</span> <span class='ocrx_word' id='word_1_177' title='bbox 1247 1857 1465 1909; x_wconf 90' lang='lat' dir='ltr'>interim</span> <span class='ocrx_word' id='word_1_178' title='bbox 1501 1855 1629 1908; x_wconf 90' lang='lat' dir='ltr'>belli</span> <span class='ocrx_word' id='word_1_179' title='bbox 1667 1856 1844 1910; x_wconf 90' lang='lat' dir='ltr'>studio</span> 
     </span>
     <span class='ocr_line' id='line_1_27' title="bbox 171 1924 1845 1994; baseline 0.001 -18"><span class='ocrx_word' id='word_1_180' title='bbox 171 1938 213 1970; x_wconf 82' lang='lat'>25</span> <span class='ocrx_word' id='word_1_181' title='bbox 236 1924 455 1977; x_wconf 90' lang='lat' dir='ltr'>ardebat</span> <span class='ocrx_word' id='word_1_182' title='bbox 492 1926 666 1978; x_wconf 88' lang='lat' dir='ltr'>omnis</span> <span class='ocrx_word' id='word_1_183' title='bbox 705 1925 951 1979; x_wconf 81' lang='lat' dir='ltr'>Graecia:</span> <span class='ocrx_word' id='word_1_184' title='bbox 1002 1945 1171 1994; x_wconf 84' lang='lat' dir='ltr'>arma,</span> <span class='ocrx_word' id='word_1_185' title='bbox 1210 1927 1342 1994; x_wconf 91' lang='lat' dir='ltr'>tela,</span> <span class='ocrx_word' id='word_1_186' title='bbox 1381 1926 1529 1994; x_wconf 90' lang='lat' dir='ltr'>equi,</span> <span class='ocrx_word' id='word_1_187' title='bbox 1567 1943 1731 1978; x_wconf 88' lang='lat' dir='ltr'>naves</span> <span class='ocrx_word' id='word_1_188' title='bbox 1769 1925 1845 1978; x_wconf 65' lang='lat' dir='ltr'>atss</span> 
     </span>
     <span class='ocr_line' id='line_1_28' title="bbox 236 1995 1848 2065; baseline 0.002 -19"><span class='ocrx_word' id='word_1_189' title='bbox 236 2012 337 2062; x_wconf 93' lang='lat' dir='ltr'>que</span> <span class='ocrx_word' id='word_1_190' title='bbox 385 1995 518 2047; x_wconf 93' lang='lat' dir='ltr'>haec</span> <span class='ocrx_word' id='word_1_191' title='bbox 576 1996 757 2048; x_wconf 90' lang='lat' dir='ltr'>omnia</span> <span class='ocrx_word' id='word_1_192' title='bbox 809 2000 924 2049; x_wconf 91' lang='lat' dir='ltr'>toto</span> <span class='ocrx_word' id='word_1_193' title='bbox 981 1997 1200 2049; x_wconf 87' lang='lat' dir='ltr'>biennio</span> <span class='ocrx_word' id='word_1_194' title='bbox 1258 1999 1667 2065; x_wconf 89' lang='lat' dir='ltr'>praeparantur,</span> <span class='ocrx_word' id='word_1_195' title='bbox 1727 2013 1848 2049; x_wconf 90' lang='lat' dir='ltr'>cum</span> 
     </span>
     <span class='ocr_line' id='line_1_29' title="bbox 234 2064 1847 2135; baseline 0.002 -20"><span class='ocrx_word' id='word_1_196' title='bbox 234 2064 484 2116; x_wconf 86' lang='lat' dir='ltr'>iuventus</span> <span class='ocrx_word' id='word_1_197' title='bbox 521 2065 715 2132; x_wconf 87' lang='lat' dir='ltr'>partim</span> <span class='ocrx_word' id='word_1_198' title='bbox 754 2085 848 2118; x_wconf 91' lang='lat' dir='ltr'>sua</span> <span class='ocrx_word' id='word_1_199' title='bbox 886 2071 1103 2135; x_wconf 90' lang='lat' dir='ltr'>sponte,</span> <span class='ocrx_word' id='word_1_200' title='bbox 1155 2066 1246 2118; x_wconf 88' lang='lat' dir='ltr'>alii</span> <span class='ocrx_word' id='word_1_201' title='bbox 1294 2065 1595 2134; x_wconf 87' lang='lat' dir='ltr'>aequalium</span> <span class='ocrx_word' id='word_1_202' title='bbox 1632 2065 1698 2118; x_wconf 92' lang='lat' dir='ltr'>ad</span> <span class='ocrx_word' id='word_1_203' title='bbox 1735 2065 1847 2135; x_wconf 92' lang='lat' dir='ltr'>glo-</span> 
     </span>
     <span class='ocr_line' id='line_1_30' title="bbox 234 2133 1847 2189; baseline 0.002 -5"><span class='ocrx_word' id='word_1_204' title='bbox 234 2133 369 2185; x_wconf 89' lang='lat' dir='ltr'>riam</span> <span class='ocrx_word' id='word_1_205' title='bbox 389 2135 745 2187; x_wconf 89' lang='lat' dir='ltr'>aemulatione</span> <span class='ocrx_word' id='word_1_206' title='bbox 764 2137 948 2188; x_wconf 90' lang='lat' dir='ltr'>munia</span> <span class='ocrx_word' id='word_1_207' title='bbox 967 2137 1190 2189; x_wconf 90' lang='lat' dir='ltr'>militiae</span> <span class='ocrx_word' id='word_1_208' title='bbox 1209 2136 1541 2188; x_wconf 86' lang='lat' dir='ltr'>festinarent.</span> <span class='ocrx_word' id='word_1_209' title='bbox 1590 2135 1681 2187; x_wconf 90' lang='lat' dir='ltr'>sed</span> <span class='ocrx_word' id='word_1_210' title='bbox 1704 2135 1847 2188; x_wconf 89' lang='lat' dir='ltr'>inter</span> 
     </span>
     <span class='ocr_line' id='line_1_31' title="bbox 235 2203 1845 2274; baseline 0.002 -20"><span class='ocrx_word' id='word_1_211' title='bbox 235 2203 366 2255; x_wconf 91' lang='lat' dir='ltr'>haec</span> <span class='ocrx_word' id='word_1_212' title='bbox 387 2222 593 2256; x_wconf 90' lang='lat' dir='ltr'>summa</span> <span class='ocrx_word' id='word_1_213' title='bbox 611 2222 736 2257; x_wconf 90' lang='lat' dir='ltr'>cura</span> <span class='ocrx_word' id='word_1_214' title='bbox 761 2223 956 2274; x_wconf 89' lang='lat' dir='ltr'>magna</span> <span class='ocrx_word' id='word_1_215' title='bbox 975 2207 1055 2258; x_wconf 89' lang='lat' dir='ltr'>vis</span> <span class='ocrx_word' id='word_1_216' title='bbox 1075 2207 1294 2259; x_wconf 88' lang='lat' dir='ltr'>navium</span> <span class='ocrx_word' id='word_1_217' title='bbox 1317 2205 1601 2274; x_wconf 89' lang='lat' dir='ltr'>praecipue</span> <span class='ocrx_word' id='word_1_218' title='bbox 1620 2205 1845 2258; x_wconf 88' lang='lat' dir='ltr'>fabrica-</span> 
     </span>
     <span class='ocr_line' id='line_1_32' title="bbox 173 2274 1842 2343; baseline 0.002 -19"><span class='ocrx_word' id='word_1_219' title='bbox 173 2286 215 2319; x_wconf 83' lang='lat'>30</span> <span class='ocrx_word' id='word_1_220' title='bbox 236 2276 348 2324; x_wconf 87' lang='lat' dir='ltr'>tur:</span> <span class='ocrx_word' id='word_1_221' title='bbox 389 2274 589 2326; x_wconf 89' lang='lat' dir='ltr'>scilicet</span> <span class='ocrx_word' id='word_1_222' title='bbox 625 2293 692 2330; x_wconf 88' lang='lat' dir='ltr'>ne</span> <span class='ocrx_word' id='word_1_223' title='bbox 728 2276 897 2327; x_wconf 92' lang='lat' dir='ltr'>multa</span> <span class='ocrx_word' id='word_1_224' title='bbox 921 2276 1069 2328; x_wconf 89' lang='lat' dir='ltr'>milia</span> <span class='ocrx_word' id='word_1_225' title='bbox 1100 2276 1441 2343; x_wconf 89' lang='lat' dir='ltr'>exercituum,</span> <span class='ocrx_word' id='word_1_226' title='bbox 1467 2274 1703 2343; x_wconf 90' lang='lat' dir='ltr'>undique</span> <span class='ocrx_word' id='word_1_227' title='bbox 1728 2293 1842 2328; x_wconf 86' lang='lat' dir='ltr'>ver-</span> 
     </span>
     <span class='ocr_line' id='line_1_33' title="bbox 237 2343 1845 2415; baseline 0.002 -21"><span class='ocrx_word' id='word_1_228' title='bbox 237 2361 353 2394; x_wconf 90' lang='lat' dir='ltr'>sum</span> <span class='ocrx_word' id='word_1_229' title='bbox 378 2343 437 2395; x_wconf 91' lang='lat' dir='ltr'>in</span> <span class='ocrx_word' id='word_1_230' title='bbox 461 2361 628 2396; x_wconf 89' lang='lat' dir='ltr'>unum</span> <span class='ocrx_word' id='word_1_231' title='bbox 659 2345 895 2413; x_wconf 88' lang='lat' dir='ltr'>collecta,</span> <span class='ocrx_word' id='word_1_232' title='bbox 926 2346 1131 2398; x_wconf 91' lang='lat' dir='ltr'>incuria</span> <span class='ocrx_word' id='word_1_233' title='bbox 1171 2345 1462 2415; x_wconf 88' lang='lat' dir='ltr'>navigandi</span> <span class='ocrx_word' id='word_1_234' title='bbox 1493 2345 1845 2397; x_wconf 88' lang='lat' dir='ltr'>tardarentur.</span> 
     </span>
     <span class='ocr_line' id='line_1_34' title="bbox 378 2412 1846 2483; baseline 0.001 -18"><span class='ocrx_word' id='word_1_235' title='bbox 378 2412 548 2466; x_wconf 86' lang='lat' dir='ltr'>XVII.</span> <span class='ocrx_word' id='word_1_236' title='bbox 611 2414 786 2483; x_wconf 89' lang='lat' dir='ltr'>Igitur</span> <span class='ocrx_word' id='word_1_237' title='bbox 810 2419 1024 2482; x_wconf 89' lang='lat' dir='ltr'>peracto</span> <span class='ocrx_word' id='word_1_238' title='bbox 1052 2416 1270 2468; x_wconf 88' lang='lat' dir='ltr'>biennio</span> <span class='ocrx_word' id='word_1_239' title='bbox 1306 2415 1372 2467; x_wconf 89' lang='lat' dir='ltr'>ad</span> <span class='ocrx_word' id='word_1_240' title='bbox 1397 2414 1650 2466; x_wconf 89' lang='lat' dir='ltr'>Aulidam</span> <span class='ocrx_word' id='word_1_241' title='bbox 1675 2413 1846 2466; x_wconf 91' lang='lat' dir='ltr'>Boeo-</span> 
     </span>
    </p>

    <p class='ocr_par' dir='ltr' id='par_1_6' title="bbox 235 2482 1845 2623">
     <span class='ocr_line' id='line_1_35' title="bbox 235 2482 1844 2554; baseline 0.002 -22"><span class='ocrx_word' id='word_1_242' title='bbox 235 2482 357 2549; x_wconf 87' lang='lat' dir='ltr'>tiae,</span> <span class='ocrx_word' id='word_1_243' title='bbox 395 2501 520 2534; x_wconf 91' lang='lat' dir='ltr'>nam</span> <span class='ocrx_word' id='word_1_244' title='bbox 556 2484 601 2535; x_wconf 90' lang='lat' dir='ltr'>is</span> <span class='ocrx_word' id='word_1_245' title='bbox 638 2485 786 2536; x_wconf 91' lang='lat' dir='ltr'>locus</span> <span class='ocrx_word' id='word_1_246' title='bbox 825 2486 1056 2538; x_wconf 88' lang='lat' dir='ltr'>delectus</span> <span class='ocrx_word' id='word_1_247' title='bbox 1093 2485 1283 2553; x_wconf 85' lang='lat' dir='ltr'>fuerat,</span> <span class='ocrx_word' id='word_1_248' title='bbox 1322 2483 1521 2554; x_wconf 87' lang='lat' dir='ltr'>singuli</span> <span class='ocrx_word' id='word_1_249' title='bbox 1558 2501 1709 2554; x_wconf 90' lang='lat' dir='ltr'>reges</span> <span class='ocrx_word' id='word_1_250' title='bbox 1746 2501 1844 2552; x_wconf 89' lang='lat' dir='ltr'>pro</span> 
     </span>
     <span class='ocr_line' id='line_1_36' title="bbox 235 2550 1845 2623; baseline 0.002 -22"><span class='ocrx_word' id='word_1_251' title='bbox 235 2550 488 2604; x_wconf 86' lang='lat' dir='ltr'>facultate</span> <span class='ocrx_word' id='word_1_252' title='bbox 528 2571 689 2620; x_wconf 91' lang='lat' dir='ltr'>opum</span> <span class='ocrx_word' id='word_1_253' title='bbox 726 2555 984 2623; x_wconf 87' lang='lat' dir='ltr'>regnique</span> <span class='ocrx_word' id='word_1_254' title='bbox 1030 2556 1315 2609; x_wconf 87' lang='lat' dir='ltr'>instructas</span> <span class='ocrx_word' id='word_1_255' title='bbox 1362 2554 1555 2606; x_wconf 88' lang='lat' dir='ltr'>classes</span> <span class='ocrx_word' id='word_1_256' title='bbox 1597 2553 1845 2622; x_wconf 86' lang='lat' dir='ltr'>praemit-</span> 
     </span>
    </p>
   </div>
   <div class='ocr_carea' id='block_1_6' title="bbox 236 2664 1846 2762">
    <p class='ocr_par' dir='ltr' id='par_1_7' title="bbox 236 2664 1846 2762">
     <span class='ocr_line' id='line_1_37' title="bbox 236 2664 1846 2762; baseline 0.004 -59"><span class='ocrx_word' id='word_1_257' title='bbox 236 2719 283 2760; x_wconf 83' lang='lat' dir='ltr'>M</span> <span class='ocrx_word' id='word_1_258' title='bbox 349 2664 667 2762; x_wconf 68' lang='lat' dir='ltr'>XVIIPM2a51al.</span> <span class='ocrx_word' id='word_1_259' title='bbox 703 2669 782 2710; x_wconf 83' lang='lat'>135</span> <span class='ocrx_word' id='word_1_260' title='bbox 805 2667 993 2708; x_wconf 86' lang='lat' dir='ltr'>Cedren.</span> <span class='ocrx_word' id='word_1_261' title='bbox 1019 2671 1099 2710; x_wconf 79' lang='lat'>124</span> <span class='ocrx_word' id='word_1_262' title='bbox 1129 2670 1278 2710; x_wconf 84' lang='lat' dir='ltr'>Dares</span> <span class='ocrx_word' id='word_1_263' title='bbox 1299 2668 1529 2721; x_wconf 83' lang='lat' dir='ltr'>Phrygius</span> <span class='ocrx_word' id='word_1_264' title='bbox 1551 2665 1656 2709; x_wconf 89' lang='lat' dir='ltr'>XIV</span> <span class='ocrx_word' id='word_1_265' title='bbox 1688 2665 1846 2709; x_wconf 75' lang='lat' dir='ltr'>const.</span> 
     </span>
     <span class='ocr_line' id='line_1_38' title="bbox 286 2732 1581 2760; baseline 0.002 0"><span class='ocrx_word' id='word_1_266' title='bbox 286 2732 441 2760; x_wconf 85' lang='lat' dir='ltr'>anass.</span> <span class='ocrx_word' id='word_1_267' title='bbox 1578 2742 1581 2744; x_wconf 57' lang='lat'><em>&gt;</em></span> 
     </span>
    </p>
   </div>
   <div class='ocr_carea' id='block_1_7' title="bbox 236 2638 575 2645">
    <p class='ocr_par' dir='ltr' id='par_1_8' title="bbox 236 2638 575 2645">
     <span class='ocr_line' id='line_1_39' title="bbox 236 2638 575 2645; baseline 0 533"><span class='ocrx_word' id='word_1_268' title='bbox 236 2638 575 2645; x_wconf 95' lang='lat' dir='ltr'> </span> 
     </span>
    </p>
   </div>
   <div class='ocr_carea' id='block_1_8' title="bbox 233 2796 571 2804">
    <p class='ocr_par' dir='ltr' id='par_1_9' title="bbox 233 2796 571 2804">
     <span class='ocr_line' id='line_1_40' title="bbox 233 2796 571 2804; baseline 0 374"><span class='ocrx_word' id='word_1_269' title='bbox 233 2796 571 2804; x_wconf 95' lang='lat' dir='ltr'> </span> 
     </span>
    </p>
   </div>
   <div class='ocr_carea' id='block_1_9' title="bbox 350 2833 1845 2888">
    <p class='ocr_par' dir='ltr' id='par_1_10' title="bbox 350 2833 1845 2888">
     <span class='ocr_line' id='line_1_41' title="bbox 350 2833 1845 2888; baseline 0.001 -17"><span class='ocrx_word' id='word_1_270' title='bbox 350 2833 372 2871; x_wconf 89' lang='lat'>1</span> <span class='ocrx_word' id='word_1_271' title='bbox 406 2836 542 2885; x_wconf 83' lang='lat' dir='ltr'>atque</span> <span class='ocrx_word' id='word_1_272' title='bbox 574 2833 644 2874; x_wconf 83' lang='lat' dir='ltr'>ita</span> <span class='ocrx_word' id='word_1_273' title='bbox 681 2833 723 2872; x_wconf 91' lang='lat' dir='ltr'><em>B</em></span> <span class='ocrx_word' id='word_1_274' title='bbox 829 2836 879 2875; x_wconf 84' lang='lat'>21</span> <span class='ocrx_word' id='word_1_275' title='bbox 912 2834 1172 2888; x_wconf 88' lang='lat' dir='ltr'>palemedes</span> <span class='ocrx_word' id='word_1_276' title='bbox 1205 2835 1240 2876; x_wconf 80' lang='lat' dir='ltr'><em>G</em></span> <span class='ocrx_word' id='word_1_277' title='bbox 1346 2837 1400 2876; x_wconf 79' lang='lat'>27</span> <span class='ocrx_word' id='word_1_278' title='bbox 1422 2835 1684 2876; x_wconf 75' lang='lat' dir='ltr'>Dedericlzus</span> <span class='ocrx_word' id='word_1_279' title='bbox 1703 2833 1845 2874; x_wconf 59' lang='lat' dir='ltr'>malain</span> 
     </span>
    </p>
   </div>
   <div class='ocr_carea' id='block_1_10' title="bbox 235 2887 1909 2940">
    <p class='ocr_par' dir='ltr' id='par_1_11' title="bbox 235 2887 1909 2940">
     <span class='ocr_line' id='line_1_42' title="bbox 235 2887 1909 2940; baseline 0.002 -14"><span class='ocrx_word' id='word_1_280' title='bbox 235 2887 368 2927; x_wconf 77' lang='lat' dir='ltr'>scribi</span> <span class='ocrx_word' id='word_1_281' title='bbox 398 2888 658 2940; x_wconf 83' lang='lat' dir='ltr'>aequalium</span> <span class='ocrx_word' id='word_1_282' title='bbox 690 2890 745 2930; x_wconf 90' lang='lat' dir='ltr'>ob</span> <span class='ocrx_word' id='word_1_283' title='bbox 861 2892 914 2931; x_wconf 80' lang='lat'>28</span> <span class='ocrx_word' id='word_1_284' title='bbox 945 2891 1144 2931; x_wconf 83' lang='lat' dir='ltr'>miliciae</span> <span class='ocrx_word' id='word_1_285' title='bbox 1178 2891 1257 2932; x_wconf 82' lang='lat' dir='ltr'>GB</span> <span class='ocrx_word' id='word_1_286' title='bbox 1373 2893 1426 2932; x_wconf 83' lang='lat'>32</span> <span class='ocrx_word' id='word_1_287' title='bbox 1457 2890 1716 2932; x_wconf 84' lang='lat' dir='ltr'>tardaretur</span> <span class='ocrx_word' id='word_1_288' title='bbox 1749 2889 1840 2930; x_wconf 69' lang='grc' dir='ltr'>ΕΒ.</span> <span class='ocrx_word' id='word_1_289' title='bbox 1907 2912 1909 2915; x_wconf 90' lang='grc'><strong>-</strong></span> 
     </span>
    </p>
   </div>
  </div>
 </body>
</html>
