1956 3178
425 149 505 195 DE
538 149 783 195 EXCIDIO
819 147 1046 194 TROIAE
1079 147 1384 194 HISTORIA.
1657 149 1728 201 47

87 271 368 324 consilium
393 270 506 323 eius
531 271 797 339 approbat
821 288 981 340 seque
1016 269 1118 324 hoc
1149 270 1416 323 facturum
1447 270 1730 339 promittit.

87 347 247 414 atque
286 345 364 397 ita
403 345 470 397 ab
511 362 573 397 eo
614 344 850 397 discedit.

231 417 482 471 XXXIX.
559 417 870 488 Eodemque
917 419 1001 471 die
1049 419 1188 471 clam
1239 418 1566 471 conveniunt
1615 417 1726 470 An-

83 495 239 545 tenor
283 491 606 562 Polydamas
652 491 931 562 Ucalegon
976 491 1178 561 Dolon,
1226 492 1411 546 dicunt
1450 509 1506 545 se
1544 493 1729 545 mirari

83 566 225 636 regis
263 567 639 635 pertinaciam,
685 567 777 636 qui
823 567 1060 619 inclusus
1101 584 1222 619 cum
1260 568 1436 636 patria
1475 570 1529 619 et
1567 567 1728 620 comi·
1753 579 1774 611 5

82 640 227 693 tibus
266 641 443 709 perire
479 640 634 693 malit
672 659 833 710 quam
872 659 1058 710 pacem
1078 655 1084 664 '
1101 641 1290 694 facere.
1367 641 1614 694 Antenor
1653 641 1730 694 ait

83 731 138 766 se
177 714 444 767 invenisse
492 714 634 784 quod
674 715 777 767 sibi
824 718 878 767 et
922 715 1029 767 illis
1068 715 1126 766 in
1154 731 1436 768 commune
1467 715 1729 784 proficiat,

82 787 225 857 quod
271 806 377 858 quo
422 791 582 857 pacto
628 788 743 841 fieri
788 789 962 857 possit
1007 788 1299 858 dicturum,
1347 790 1392 842 si
1440 789 1543 842 sibi
1595 789 1728 843 fides

83 865 394 915 servaretur.
458 879 643 915 omnes
684 879 739 914 se
778 863 836 914 in
874 861 1035 914 fidem
1066 861 1333 916 Antenori
1365 863 1728 933 obstringunt.

81 934 328 988 Antenor
371 938 433 988 ut
483 935 619 988 vidit
665 953 719 988 se
767 936 1107 1005 obstrictum,
1160 937 1330 990 mittit
1377 937 1443 989 ad
1489 935 1729 1006 Aenean,
1754 951 1799 983 10

81 1009 210 1062 dicit
253 1010 485 1078 patriam
538 1010 867 1078 prodendam
915 1028 1030 1063 esse
1086 1014 1140 1063 et
1194 1011 1297 1064 sibi
1351 1014 1406 1063 et
1454 1011 1564 1064 suis
1612 1029 1728 1064 esse

81 1083 398 1153 cavendum,
445 1083 513 1136 ad
550 1083 1016 1154 Agamemnonem
1058 1084 1121 1137 de
1170 1084 1256 1137 his
1295 1085 1454 1138 rebus
1495 1085 1728 1154 aliquem

81 1174 197 1210 esse
221 1157 566 1227 mittendum,
599 1159 694 1228 qui
715 1158 771 1211 id
796 1158 910 1211 sine
937 1158 1234 1227 suspitione
1258 1163 1428 1228 curet,
1455 1163 1728 1212 maturan-

8 1244 22 1257 ‘
81 1231 207 1284 dum
247 1249 385 1301 esse,
424 1231 864 1286 animadvertisse
893 1250 945 1286 se
976 1231 1251 1285 Priamum
1283 1233 1482 1286 iratum
1516 1233 1579 1286 de
1605 1251 1727 1286 con-

82 1305 201 1358 silio
251 1306 564 1374 surrexisse,
619 1307 745 1376 quia
791 1307 839 1359 ei
885 1323 1072 1376 pacem
1128 1307 1376 1375 suaserit,
1429 1307 1599 1360 vereri
1655 1325 1725 1377 se,
1750 1321 1792 1353 15

79 1397 147 1431 ne
180 1379 308 1449 quid
338 1379 466 1433 novi
497 1380 707 1433 consilii
738 1380 899 1434 ineat.
954 1381 1134 1450 itaque
1167 1399 1354 1434 omnes
1385 1381 1725 1451 promittunt,

82 1453 265 1506 statim
304 1452 748 1523 Polydamantem
796 1455 888 1524 qui
934 1472 998 1507 ex
1045 1454 1131 1508 his
1170 1455 1391 1508 minime
1430 1455 1725 1508 invidiosus

81 1530 196 1579 erat
248 1527 315 1579 ad
369 1526 836 1597 Agamemnonem
890 1529 1028 1581 clam
1081 1529 1320 1582 mittunt,
1403 1528 1726 1599 Polydamas

79 1601 137 1652 in
184 1604 359 1654 castra
405 1601 730 1672 Argivorum
777 1603 1045 1672 pervenit,
1090 1602 1557 1673 Agamemnonem
1602 1621 1725 1657 con-

80 1675 249 1743 venit,
289 1674 418 1728 dicit
457 1676 506 1728 ei
545 1694 680 1746 quae
722 1677 831 1730 suis
870 1677 1185 1746 placuerint.
1753 1691 1798 1724 20

201 1884 223 1923 1
251 1893 374 1925 cons.
402 1879 501 1924 eius
518 1881 649 1938 adpr.
667 1893 750 1926 om.
768 1880 812 1924 L
838 1881 844 1939 Ι
873 1894 1016 1937 seque
1040 1881 1149 1939 hoc]
1171 1895 1218 1926 se
1234 1877 1279 1925 L
1355 1887 1379 1926 2
1407 1884 1550 1939 atque
1575 1895 1658 1928 om.
1683 1883 1729 1926 L

80 1938 139 1982 ab
188 1951 242 1983 eo
282 1938 480 1984 discedit
525 1939 576 1983 F
650 1939 708 1984 ab
749 1953 802 1984 eo
849 1939 1066 1985 discessit
1102 1940 1145 1983 L
1222 1940 1437 1986 discessit
1483 1942 1542 1986 ab
1591 1955 1645 1986 eo
1686 1941 1730 1987 G

80 2001 106 2040 3
140 1997 303 2042 eodem
335 1997 379 2043 G
406 2001 413 2052 Ι
439 1998 515 2043 die
547 1999 670 2044 clam
693 2011 776 2043 om.
801 1998 844 2043 L
871 1998 878 2058 Ι
906 2001 1223 2044 conuenerunt
1247 1998 1291 2044 G
1409 2005 1438 2044 4
1468 2000 1729 2059 uacalegon

78 2055 122 2099 L
150 2058 155 2112 Ι
181 2056 523 2115 Amphidamas
551 2058 662 2103 libri
684 2062 792 2115 post
814 2058 1076 2116 Ucalegon,
1107 2058 1394 2116 philidamas
1417 2059 1486 2116 F,
1519 2062 1731 2117 expunxi

78 2115 160 2159 hoc
190 2129 352 2161 nomen
389 2117 442 2160 in
479 2129 567 2173 quo
605 2117 725 2162 nihil
764 2117 897 2161 aliud
927 2118 1022 2161 nisi
1080 2117 1363 2174 Polydamas
1403 2119 1541 2164 latere
1571 2123 1691 2176 puto
1719 2119 1726 2178 Ι

80 2173 212 2218 dolos
235 2174 279 2218 L
400 2179 426 2219 5
458 2175 644 2221 clausus
670 2175 713 2220 G
835 2181 860 2220 6
884 2175 1051 2221 mallet
1072 2176 1168 2221 LG
1228 2177 1366 2223 malit
1391 2178 1492 2222 AR
1521 2181 1524 2234 Ι
1553 2178 1727 2237 facere]

12 2240 18 2245 ¹
79 2231 180 2278 fieri
213 2232 255 2278 G
289 2235 295 2289 1
331 2233 400 2279 ait
439 2234 479 2278 si
516 2234 560 2278 L
682 2239 706 2279 7
749 2234 862 2291 quid
899 2233 1167 2280 faciendum
1206 2236 1269 2282 sit
1308 2238 1413 2298 add,
1448 2238 1490 2282 G
1521 2243 1628 2294 post
1659 2237 1728 2282 in-

79 2335 262 2381 uenisse
291 2339 297 2391 Ι
325 2337 469 2395 quod]
495 2351 601 2382 cum
626 2336 669 2382 G
697 2341 701 2392 ξ
728 2338 779 2382 in
803 2351 1048 2383 commune
1067 2364 1122 2371 —
1140 2339 1231 2384 sibi
1256 2353 1338 2384 om.
1366 2339 1409 2385 G
1436 2343 1442 2396 Ι
1469 2297 1730 2412 Ρτοξέξὲδίᾅὺ

80 2412 129 2453 et
159 2409 415 2502 cionsolatio
446 2410 490 2454 L
611 2415 636 2456 8
670 2415 718 2457 et
748 2411 791 2455 L
852 2412 978 2469 quod
1009 2413 1067 2456 H
1088 2412 1093 2471 Ι
1122 2412 1356 2458 dicturum
1383 2414 1429 2458 B
1491 2415 1655 2460 datum
1684 2415 1730 2458 L
1769 2415 1771 2417 ’

81 2511 185 2604 sibii
202 2511 245 2555 L
271 2513 278 2571 Ι
304 2512 419 2558 fides
451 2515 736 2573 servaretur]
761 2515 884 2560 foret
913 2515 1027 2561 fides
1060 2516 1102 2561 G
1224 2523 1249 2562 9
1282 2530 1441 2563 onmes
1467 2518 1510 2563 ei
1540 2518 1571 2563 f.
1598 2522 1728 2564 ante-

80 2629 241 2661 norem
265 2615 408 2661 obstr.
433 2616 477 2660 L
501 2618 621 2662 unde
644 2622 848 2664 nostrum
871 2620 1051 2675 scripsi,
1076 2633 1116 2664 0.
1142 2621 1190 2665 in
1216 2620 1247 2664 f.
1274 2634 1320 2666 se
1353 2621 1495 2666 obstr.
1522 2621 1565 2666 G
1672 2628 1727 2668 10

78 2691 132 2734 ut
174 2702 257 2734 om.
297 2689 340 2734 G
462 2696 513 2735 11
556 2691 714 2736 dicens
752 2692 884 2749 prod.
924 2706 1022 2738 esse
1061 2695 1225 2739 urbem
1265 2694 1308 2739 G
1438 2700 1491 2739 13
1531 2695 1644 2753 quid
1682 2697 1727 2740 L

80 2748 163 2805 qui
193 2749 241 2794 id
273 2749 376 2794 edit.
420 2749 569 2795 Venet.
612 2756 727 2796 1499
791 2765 883 2808 quo
922 2751 972 2796 id
1004 2751 1047 2797 G
1083 2756 1088 2808 Ι
1124 2753 1421 2811 suspectione
1453 2755 1496 2798 L
1529 2757 1537 2810 Ι
1572 2757 1723 2814 curet]

79 2807 175 2852 fiat.
207 2806 412 2853 Celerius
445 2807 488 2854 G
610 2814 665 2853 14
697 2809 818 2855 dixit
847 2811 952 2855 add.
981 2810 1023 2856 G
1039 2816 1147 2867 post
1178 2826 1278 2858 esse
1306 2813 1312 2871 1
1340 2827 1388 2858 se
1420 2827 1442 2857 e
1465 2815 1726 2859 coniectura

80 2866 244 2911 addidi
281 2866 287 2923 Ι
324 2867 500 2912 iratum
542 2881 624 2912 om.
668 2868 712 2912 L
845 2875 899 2914 15
943 2870 986 2914 ei
1029 2873 1191 2928 aperte
1234 2870 1292 2917 de
1330 2885 1447 2931 pace
1491 2872 1533 2917 G
1669 2879 1722 2918 17

80 2924 334 2983 statimque
367 2925 410 2971 G
437 2929 442 2982 1
469 2926 564 2984 his]
598 2927 692 2973 suis
716 2927 759 2971 L
794 2927 799 2986 Ι
835 2928 1066 2974 inuidiose
1105 2930 1148 2974 L
1269 2936 1327 2977 20
1357 2931 1635 2989 placuerunt
1668 2933 1722 2977 G.
