1956 3178
226 101 326 155 106
733 102 955 147 DICTYS
987 103 1326 148 CRETENSIS

223 227 461 298 Cyclopa
498 231 551 281 et
577 229 947 299 Laestrygona
982 228 1173 281 fratres
1198 228 1368 280 multa
1402 228 1626 298 indigna
1651 247 1835 298 exper-

221 303 308 352 tus
365 299 431 351 ad
487 303 815 367 postremum
876 300 943 352 ab
1009 317 1194 352 eorum
1247 299 1373 351 filiis
1430 298 1726 367 Antiphate
1781 302 1835 354 et

222 369 556 438 Polyphemo
611 369 871 438 plurimos
920 370 1187 422 sociorum
1235 369 1496 438 amiserit,
1556 369 1679 422 dein
1735 388 1833 439 per

226 439 645 492 misericordiam
709 440 1028 509 Polyphemi
1106 441 1165 492 in
1234 439 1521 492 amicitiam
1590 443 1834 509 receptus

181 531 204 563 5
226 511 392 562 filiam
428 510 570 579 regis
607 511 841 579 Arenen7
879 514 1165 579 postquam
1189 510 1517 578 Alphenoris
1555 510 1685 563 socii
1721 511 1834 563 eius

224 598 403 634 amore
430 580 718 649 deperibat,
757 599 944 649 rapere
971 585 1208 649 conatus,
1249 581 1341 633 ubi
1379 599 1461 632 res
1490 581 1708 650 cognita
1733 583 1829 650 est,

223 651 531 703 interventu
567 651 805 719 parentis
851 651 1032 720 puella
1077 653 1255 704 ablata
1299 669 1395 719 per
1441 652 1566 719 vim,
1615 654 1831 703 exactus

223 739 319 790 per
344 722 502 774 Aeoli
539 722 739 774 insulas
779 721 1051 774 devenerit
1088 722 1155 774 ad
1182 721 1370 776 Circen
1407 725 1566 790 atque
1603 720 1727 774 inde
1765 720 1834 774 ad

226 790 454 860 Calypso
502 795 782 861 utramque
820 793 1062 862 reginam
1098 793 1409 859 insularum,
1457 792 1515 844 in
1554 792 1671 860 quis
1718 810 1830 844 mo-

162 884 204 915 10
226 862 497 931 rabantur7
537 881 601 914 ex
639 863 956 930 quibusdam
993 863 1276 915 inlecebris
1314 863 1521 914 animos
1558 861 1834 942 hospitum

226 932 293 985 ad
329 951 564 985 amorem
603 933 684 984 sui
721 933 1046 1013 inlicientes:
1086 933 1209 986 inde
1246 933 1500 985 liberatus
1526 932 1833 1012 pervenerit

227 1002 294 1054 ad
332 1021 453 1054 eum
501 1004 703 1070 locum,
752 1003 810 1055 in
855 1021 961 1071 quo
1010 1004 1260 1056 exhibitis
1309 1003 1625 1072 quibusdam
1672 1002 1833 1055 sacris

224 1073 408 1125 futura
445 1073 816 1126 defunctorum
856 1074 1046 1126 animis
1074 1073 1500 1126 dinoscerentur:
1539 1075 1663 1141 post
1699 1090 1834 1141 quae

228 1143 482 1212 appulsus
534 1142 843 1196 Sirenarum
901 1145 1163 1212 scopulis7
1218 1145 1311 1196 ubi
1366 1162 1462 1212 per
1518 1142 1847 1204 industriam·

163 1235 206 1267 15
228 1214 482 1266 liberatus
521 1214 610 1282 sit,
661 1214 726 1266 ad
771 1218 1101 1282 postremum
1149 1215 1291 1266 inter
1328 1213 1559 1282 Scyllam
1611 1215 1665 1265 et
1702 1212 1836 1266 Cha-

227 1284 436 1352 rybdim
473 1302 617 1336 mare
664 1285 1032 1336 saevissimum
1069 1289 1122 1336 et
1158 1285 1326 1337 inlata
1363 1284 1576 1336 sorbere
1613 1283 1833 1336 solitum

228 1355 484 1422 plurimas
532 1356 752 1406 navium
797 1373 918 1407 611111
965 1356 1122 1407 sociis
1171 1355 1421 1407 amiserit.
1509 1355 1586 1406 ita
1623 1372 1677 1406 se
1715 1371 1836 1406 cum

228 1425 452 1476 residuis
500 1425 558 1476 in
604 1444 794 1477 manus
840 1425 1172 1478 Phoenicum
1228 1443 1323 1493 per
1367 1425 1535 1476 maria
1581 1423 1837 1492 praedan-

229 1495 364 1546 tium
400 1495 712 1563 incurrisse,
752 1499 911 1564 atque
950 1496 1016 1547 ab
1053 1495 1138 1548 his
1174 1514 1270 1564 per
1305 1494 1722 1547 misericordiam
1758 1511 1837 1546 re-

163 1586 208 1617 20
230 1568 513 1617 servatum.
598 1566 786 1635 igitur7
843 1566 922 1617 uti
978 1566 1244 1633 voluerat7
1305 1565 1533 1633 acceptis
1587 1565 1654 1616 ab
1711 1581 1836 1634 rege

228 1639 415 1688 nostro
455 1636 659 1688 duabus
695 1636 921 1688 navibus
960 1635 1294 1705 donatusque
1332 1636 1500 1687 multa
1535 1633 1732 1703 praeda
1769 1633 1837 1686 ad

230 1706 519 1758 Alcinoum
555 1723 736 1775 regem
774 1706 1078 1758 Phaeacum
1115 1707 1419 1758 remittitur.

372 1775 466 1828 VI.
550 1776 634 1828 Ibi
681 1778 748 1828 ob
797 1777 1157 1828 celebritatem
1214 1776 1449 1828 nominis
1498 1793 1594 1843 per
1639 1774 1836 1826 multos

231 1846 342 1898 dies
381 1846 612 1915 benigne
660 1850 906 1914 acceptus
952 1847 1229 1916 cognoscit
1269 1846 1596 1925 Penelopam
1643 1845 1708 1896 ab
1744 1844 1838 1896 tri-

161 1935 208 1968 25
231 1917 383 1986 ginta
418 1916 733 1969 inlustribus
771 1918 898 1968 viris
937 1917 1156 1969 diversis
1202 1935 1266 1969 ex
1301 1916 1432 1968 locis
1470 1917 1527 1966 in
1565 1915 1836 1967 matrimo-

230 1987 381 2039 nium
427 1987 715 2055 postulari:
764 1987 926 2055 hique
975 1990 1127 2039 erant
1174 1987 1239 2038 ab
1288 1985 1560 2054 Zacyntho
1609 1984 1836 2037 Echina-

232 2057 384 2108 dibus
418 2057 652 2109 Leucata
682 2057 881 2110 Ithaca.
946 2058 1014 2110 ob
1053 2075 1187 2126 quae
1223 2005 1426 2108 multisy
1441 2055 1686 2124 precibus
1719 2072 1837 2123 per-

232 2126 418 2179 suadet
453 2144 592 2196 reg17
641 2128 721 2179 uti
769 2146 946 2180 secum
995 2127 1061 2180 ad
1099 2127 1470 2179 vindicandam
1507 2124 1837 2177 matrimonii

233 2197 487 2249 iniuriam
522 2198 812 2266 navigaret
876 2197 966 2249 sed
1003 2200 1288 2266 postquam
1315 2196 1574 2249 devenere
1612 2195 1680 2247 ad
1716 2212 1838 2247 eum

164 2286 211 2318 30
233 2267 411 2320 locum
466 2267 737 2335 paulisper
784 2268 1048 2320 occultato
1096 2267 1281 2335 Ulixe,
1321 2267 1414 2319 ubi
1462 2265 1838 2317 Telemachum

232 2356 362 2406 rem,
414 2355 549 2405 quae
585 2338 888 2406 parabatur7
938 2338 1210 2406 edocuere,
1257 2309 1473 2389 domum
1521 2335 1587 2388 ad
1624 2334 1838 2388 Ulixem

234 2408 371 2460 clam
406 2409 656 2460 veniunt:
695 2408 788 2460 ubi
825 2408 993 2460 multo
1037 2409 1163 2460 vino
1202 2410 1360 2476 atque
1399 2406 1568 2474 epulis
1604 2405 1837 2473 repletos

234 2479 343 2530 13111
378 2495 570 2546 procos
607 2478 839 2548 ingressi
875 2478 1219 2529 interficiunt.
1283 2477 1406 2529 dein
1437 2494 1533 2544 per
1569 2475 1838 2527 civitatem

235 2547 434 2600 Ulixen
471 2548 782 2601 adventasse
819 2548 1165 2616 popularibus
1204 2547 1479 2616 cognitum
1517 2548 1612 2613 est,
1651 2563 1683 2596 a
1719 2545 1838 2624 quis

172 2618 468 2687 35benigne
507 2621 593 2670 et
598 2637 719 2672 cum
755 2619 938 2671 favore
977 2621 1228 2686 exceptus
1267 2620 1482 2684 cuncta,
1522 2633 1656 2683 quae
1694 2613 1839 2667 domi

271 2783 275 2788 ‘
351 2779 374 2816 1
421 2775 667 2829 Cyclopam
700 2775 778 2817 GB
836 2775 1043 2827 Cyclopa
1073 2775 1192 2815 editt.
1309 2775 1334 2814 8
1375 2774 1605 2814 circenum
1637 2771 1671 2812 G
1786 2770 1839 2811 15

237 2832 455 2872 caribdim
491 2832 594 2872 GB·
676 2834 730 2872 23
760 2831 1048 2872 celeritatem
1073 2831 1106 2871 G
1137 2829 1305 2871 celebr.
1327 2829 1369 2868 B
1474 2830 1526 2869 27
1558 2826 1780 2868 Leucada
1803 2825 1840 2867 0

237 2889 291 2928 30
322 2888 566 2941 paucisper
598 2888 634 2929 G
682 2887 804 2940 paul.
838 2887 878 2926 B
