1956 3178
4 0 145 107 w*

19 119 49 177 ὸ

510 113 697 156 13111111
728 111 985 156 TROIANI
1014 113 1132 155 Lm.
1161 113 1248 157 111.
1620 112 1691 166 65

76 238 182 292 hoc
219 239 412 308 exiguo
439 237 632 307 spiritu
668 237 828 290 simul
852 237 1076 291 auferes
1140 238 1326 291 adsum
1363 238 1523 306 ultro,
1549 238 1690 291 nihil

80 309 348 378 deprecor,
386 309 472 361 vel
498 309 543 361 si
580 308 656 361 ita
681 307 828 362 cordi
853 312 948 376 est,
987 309 1124 361 habe
1162 309 1220 361 in
1258 309 1499 362 custodia
1525 310 1690 378 capti-

78 379 276 432 vitatis.
339 397 513 448 neque
551 379 695 431 enim
731 378 866 431 mihi
912 380 1198 448 quicquam
1244 379 1352 432 iam
1400 380 1689 448 superioris

77 449 328 503 fortunae
373 449 640 518 reliquum
693 452 798 517 est,
858 451 1057 518 quippe
1114 450 1399 502 interfecto
1456 449 1691 504 Hectore

77 523 272 573 cuncta
307 520 461 590 regni
486 519 779 573 concidere.
843 520 935 572 sed
972 520 1017 572 si
1055 520 1163 572 iam
1190 519 1444 573 Graeciae
1478 521 1690 574 univer·
1711 537 1732 570 5

19 604 26 628 '2
80 608 170 644 sae
208 591 277 643 ob
313 608 555 643 meorum
590 590 728 642 male
766 590 1011 643 consulta
1057 591 1185 643 satis
1221 609 1519 659 poenarum
1556 592 1692 646 filio-

81 679 201 713 rum
237 660 499 730 sanguine
547 663 600 713 et
635 661 767 713 meis
806 661 1075 714 aerumnis
1117 662 1367 730 [persolvi
1378 703 1392 730 ,
1440 663 1691 715 miserere

77 730 286 802 aetatis]
337 734 393 783 at
438 731 564 783 deos
600 731 908 784 recordatus
944 735 1195 800 retorque
1232 733 1442 785 animos
1480 733 1546 785 ad
1582 734 1694 802 pie-

77 804 268 854 tatem:
307 801 538 854 concede
573 802 811 870 parvulis
849 802 1027 855 saltim
1072 820 1185 855 non
1229 803 1466 855 animam
1502 821 1692 872 paren-

77 872 148 924 tis
195 871 287 924 sed
334 871 558 924 cadaver
605 872 1031 941 deprecantibus,
1115 873 1299 926 veniat
1344 873 1402 925 in
1449 874 1689 927 animum
1714 892 1755 924 10

31 991 35 994 .
78 941 375 996 recordatio
422 943 662 1011 parentis
708 943 789 995 tui
842 961 1027 996 omnes
1075 961 1227 996 curas
1265 944 1583 1015 vigiliasque
1633 946 1692 997 in

77 1015 130 1065 te
173 1015 431 1081 tuamque
475 1013 699 1066 salutem
754 1014 1116 1082 inpendentis,
1210 1014 1302 1066 sed
1348 1014 1429 1066 illi
1475 1015 1691 1083 quidem

80 1086 273 1135 cuncta
308 1086 600 1135 secundum
638 1103 735 1136 sua
770 1088 898 1137 vota
932 1084 1256 1153 proveniant
1292 1085 1560 1155 longeque
1598 1086 1692 1138 ali-

77 1155 161 1206 ter
195 1170 370 1222 neque
407 1154 513 1206 mei
550 1154 779 1206 similem
816 1158 1085 1207 senectam
1122 1154 1333 1224 degat“.

220 1223 393 1278 XXII.
466 1224 678 1277 Interea
715 1225 841 1277 dum
877 1225 1010 1277 haec
1056 1230 1461 1294 commemorat,
1508 1227 1691 1294 paula·
1714 1242 1756 1276 15

39 1359 42 1361 A
78 1293 179 1353 tim
215 1294 395 1346 animo
434 1294 655 1347 deficere
693 1313 754 1347 ac
791 1295 1011 1348 dissolvi
1035 1296 1304 1364 membriS,
1344 1296 1468 1348 dein
1507 1297 1692 1350 obmu-

77 1367 279 1417 tescere
337 1365 555 1433 occipit,
623 1365 767 1434 quod
821 1367 1185 1434 spectaculum
1241 1367 1403 1437 longe
1461 1369 1693 1420 miserri-

78 1448 226 1486 mum
263 1435 538 1503 omnibus,
586 1436 679 1504 qui
715 1439 832 1488 tum
869 1436 1115 1504 aderant,
1163 1437 1336 1489 dolori
1372 1437 1492 1490 fuit.
1569 1439 1691 1491 dein

79 1504 457 1558 Andromacha
503 1506 756 1574 parvulos
795 1506 1043 1560 Hectoris
1086 1507 1227 1560 filios
1274 1511 1398 1560 ante
1436 1508 1691 1560 Achillen

79 1575 395 1643 prosternit,
432 1576 550 1644 ipsa
585 1576 713 1628 fletu
750 1576 1084 1629 lamentabili
1122 1596 1308 1646 oranS,
1348 1578 1428 1630 uti
1467 1579 1570 1631 sibi
1608 1597 1690 1632 ca·
1713 1597 1754 1629 20

80 1644 242 1698 daver
289 1646 532 1715 coniugis
589 1646 787 1698 intueri
843 1647 1022 1700 saltim
1070 1647 1464 1701 concederetur.
1551 1650 1693 1703 inter

78 1715 211 1768 haec
265 1719 376 1769 tam
437 1716 738 1770 miseranda
783 1717 1030 1770 Phoenix
1077 1718 1352 1771 Priamum
1410 1720 1690 1772 sustollere

79 1789 238 1852 atque
284 1787 363 1838 uti
409 1787 646 1839 animum
693 1788 954 1856 reciperet
998 1788 1220 1841 hortari.
1294 1792 1411 1842 tum
1458 1807 1553 1842 rex
1598 1791 1693 1843 ubi

79 1855 139 1908 in
163 1855 498 1925 aliquantum
524 1858 756 1910 revolvit
779 1859 1042 1927 spiritum,
1081 1860 1235 1912 nixus
1262 1860 1489 1929 genibus
1528 1863 1690 1929 atque

82 1928 306 1995 utraque
331 1946 494 1980 manu
521 1932 682 1996 caput
709 1928 973 1981 dilanians
999 1930 1128 1998 „ubi
1152 1948 1297 1982 nunc
1322 1931 1417 1982 illa
1441 1933 1558 1982 est“
1595 1931 1686 1999 ait,
1712 1947 1754 1979 25

77 2014 249 2065 „quae
286 1997 428 2066 apud
465 1997 698 2051 Graecos
733 2000 1017 2068 praecipue
1054 2003 1169 2052 erat
1213 2001 1354 2052 iusta
1396 2001 1692 2053 misericor-

83 2066 209 2119 dia?
259 2085 330 2120 an
367 2068 542 2121 solum
579 2069 636 2120 in
673 2068 948 2122 Priamum
987 2071 1439 2123 circumscribitur
1450 2071 1514 2122 ‘?“

221 2136 422 2191 XXIII.
484 2138 703 2207 Iamque
743 2140 991 2192 omnibus
1017 2140 1200 2193 dolore
1224 2142 1483 2209 permotis
1508 2142 1692 2194 Achil-

82 2206 161 2259 les
198 2207 435 2260 decuisse
473 2213 547 2260 ait
583 2209 721 2261 filios
759 2228 878 2262 eum
925 2229 1049 2264 suos
1086 2211 1244 2264 initio
1293 2212 1359 2263 ab
1407 2230 1496 2279 eo,
1547 2213 1692 2280 quod

83 2276 420 2345 admiserint,
469 2278 707 2332 facinore
754 2280 1002 2333 cohibere
1057 2299 1232 2350 neque
1279 2283 1456 2350 ipsum
1505 2300 1690 2334 conce·
1712 2299 1755 2331 30

83 2346 256 2400 dendo
304 2348 443 2400 tanti
490 2348 671 2401 delicti
716 2351 1032 2419 participem
1078 2352 1209 2407 fieri.
1295 2356 1529 2404 ceterum
1567 2356 1691 2405 ante

82 2416 135 2469 id
183 2418 501 2471 decennium
545 2437 659 2472 11011
703 2421 780 2474 ita
825 2421 1090 2474 defessum
1137 2425 1350 2475 senecta
1391 2422 1581 2490 fuisse,
1630 2426 1693 2475 ut

81 2487 191 2540 suis
239 2487 511 2557 despectui
558 2493 722 2558 esset,
790 2491 882 2544 sed
929 2492 1196 2545 obsedisse
1243 2493 1450 2545 animos
1506 2511 1691 2546 eorum

197 2619 218 2657 1
241 2616 399 2658 adsum
422 2631 479 2658 en
499 2618 536 2657 P
555 2620 670 2672 quod
690 2618 920 2661 Obrecktus
947 2633 969 2661 e
990 2623 1177 2673 vestigiis
1199 2622 1300 2662 edit.
1319 2621 1496 2662 Mediol.
1522 2623 1693 2663 addidit

82 2673 109 2712 2
146 2672 264 2714 habe
309 2673 344 2714 G
399 2677 592 2725 primitus
629 2675 803 2716 habens
948 2678 972 2717 7
1018 2677 1218 2730 persolui
1257 2677 1475 2718 miserere
1521 2679 1692 2719 aetatis

43 2759 45 2766 ,
81 2741 161 2769 om,
197 2729 275 2769 GB
304 2729 428 2770 habet
457 2731 499 2770 P
600 2733 627 2772 8
648 2737 696 2772 at
730 2732 808 2771 GB
867 2746 922 2773 ac
954 2734 993 2772 P
1099 2736 1146 2773 11
1172 2735 1219 2772 in
1250 2739 1294 2773 te
1326 2738 1540 2787 tuamque
1571 2737 1692 2775 editt.

81 2790 183 2827 vett.
213 2786 531 2838 intentumque
556 2787 590 2827 G
639 2789 864 2829 intentum
897 2793 1037 2841 atque
1060 2789 1100 2828 B
1151 2794 1275 2829 tuam
1306 2791 1352 2830 in
1381 2791 1423 2830 P
1520 2794 1572 2831 21
1605 2804 1693 2831 ma-

81 2841 151 2881 lim
191 2841 323 2882 scribi
367 2842 640 2884 concederet
806 2846 860 2884 24
907 2845 1074 2885 refouit
1114 2845 1191 2898 ΡΙ
1225 2846 1346 2887 nixis
1391 2847 1507 2895 libri,
1558 2848 1694 2888 nixus

38 2900 39 2904 ’
84 2897 204 2940 editt.
234 2902 337 2941 uett,

166 2972 319 3006 Dtorrn.
1412 2981 1437 3020 5
