1956 3178
272 100 342 153 36
787 99 1002 142 chYs
1036 99 1373 144 CRETENSIS
1800 71 1822 118 s
1887 0 1956 190 q

273 226 514 293 leamque
554 225 797 276 civitates
845 223 1045 277 divitiis
1091 225 1299 278 nobiles
1349 226 1491 295 capit
1536 244 1710 296 neque
1759 245 1882 281 con-

274 299 454 349 tentus
524 295 609 346 his
679 294 978 364 Gargarum
1045 296 1295 349 Alisbam
1359 296 1667 362 Gerqitham
1730 296 1887 367 Scep·

1939 219 1956 260 ‘A

1943 267 1956 278 p

274 368 375 420 sim
438 366 706 418 Larissam
773 365 1082 418 admiranda
1163 367 1434 420 celeritate
1516 367 1884 437 depopulatur.
1948 401 1956 411 «Δ

275 437 399 490 dein
446 437 631 488 doctus
678 437 744 488 ab
801 436 991 489 incolis
1056 438 1225 489 multa
1292 437 1650 518 cuiuscemodi
1693 456 1891 507 pecora
1952 444 1956 492 ζ

230 524 251 555 5
276 509 333 560 in
369 507 527 559 Idaeo
567 509 750 558 monte
789 507 1061 575 stabulari,
1101 508 1509 588 exposcentibus
1536 508 1628 576 qui
1668 526 1788 561 cum
1823 527 1886 562 6ο
1953 540 1956 554 ÷

275 580 428 630 erant
475 577 677 630 cunctis
725 577 829 629 cito
881 578 1092 647 agmine
1141 581 1379 632 montem
1401 579 1690 659 ingressus
1726 579 1889 632 inter-

272 649 426 701 fectis
465 665 690 717 gregum
729 648 1034 700 custodibus
1072 666 1323 718 magnam
1360 649 1470 701 vim
1506 667 1759 718 pecorum
1797 650 1886 702 ab·

275 719 436 771 ducit.
513 718 637 771 dein
673 718 823 770 nullo
862 719 1115 799 omnium
1163 720 1501 788 adversante,
1541 720 1745 772 cunctis
1783 738 1890 788 qua
1952 711 1956 731 ⁵

274 791 531 859 pergebat
578 789 636 840 in
682 788 867 858 fugam
915 808 1079 841 verS1s
1091 831 1104 857 ,
1164 790 1255 841 ubi
1312 793 1522 858 tempus
1571 791 1745 842 visum
1793 793 1888 858 est,

212 876 253 906 10
278 878 398 913 cum
435 876 633 928 magna
669 859 864 927 praeda
902 860 968 911 ad
1005 878 1128 912 suos
1167 861 1447 913 convertit.

415 929 669 982 XXVIII.
732 929 1023 982 Periclem
1070 933 1281 998 tempus
1320 930 1547 999 Chryses
1559 973 1573 999 ,
1613 948 1772 998 quem
1810 949 1888 982 sa-

275 1019 361 1053 661
364 1000 542 1053 dotem
570 999 828 1052 Zminthii
855 1001 1127 1068 Apollinis
1158 1019 1318 1069 supra
1344 1001 1635 1069 docuimuS,
1662 1000 1881 1071 cognito
1952 1042 1956 1043 γ

274 1071 441 1123 filiam
492 1089 642 1122 suam
680 1071 1018 1138 Astynomen
1066 1089 1186 1123 cum
1223 1075 1657 1193 Agamemnone
1674 1070 1882 1140 degere,

275 1142 443 1193 fretus
482 1140 742 1209 religione
781 1141 920 1192 tanti
957 1141 1195 1193 numinis
1234 1160 1265 1193 a
1336 1159 1499 1194 naves
1537 1141 1701 1209 venit,
1739 1159 1890 1210 prae-

213 1227 253 1259 15
277 1212 453 1264 ferens
490 1211 573 1263 dei
612 1211 791 1262 vultus
829 1229 889 1263 ac
927 1211 1186 1279 quaedam
1225 1214 1663 1264 ornamentorum
1699 1211 1889 1291 templi
1954 1213 1956 1218 ’

278 1283 414 1350 61116,
464 1299 570 1361 quo
619 1281 829 1333 facilius
885 1282 1252 1334 recordatione
1309 1282 1606 1350 praesentis
1653 1281 1892 1334 numinis

277 1352 552 1405 veneratio
592 1352 673 1403 sui
710 1351 925 1420 regibus
963 1352 1303 1404 incuteretur.
1379 1352 1502 1404 dein
1541 1352 1734 1404 oblatis
1772 1353 1889 1404 auri

278 1427 437 1491 atque
495 1422 704 1491 argenti
762 1421 916 1474 donis
971 1422 1217 1490 plurimis
1274 1422 1696 1491 redemptionem
1750 1422 1891 1474 filiae

279 1494 591 1561 deprecatur
630 1493 936 1560 obsecranS,
976 1493 1056 1544 uti
1092 1493 1498 1562 magnificarent
1533 1492 1892 1560 praesentiam

213 1579 255 1611 20
280 1564 388 1631 dei,
430 1564 521 1631 qui
558 1580 736 1614 secum
773 1566 982 1615 oratum
1022 1581 1111 1615 eos
1151 1563 1219 1615 ob
1257 1562 1584 1616 sacerdotem
1615 1563 1893 1630 proprium

281 1634 528 1686 venisset.
604 1635 880 1700 praeterea
926 1636 1332 1701 commemorat,
1372 1651 1508 1702 quae
1553 1633 1612 1684 in
1659 1632 1770 1685 dies
1807 1632 1894 1684 ad—

281 1721 493 1756 versum
543 1721 598 1755 se
645 1703 710 1755 ab
749 1703 1057 1756 Alexandro
1108 1704 1325 1772 eiusque
1363 1703 1777 1772 consanguineis
1824 1702 1892 1755 ob

284 1773 574 1827 exhibitam
612 1791 707 1841 per
745 1791 798 1825 se
836 1774 997 1841 paulo
1045 1777 1168 1825 ante
1212 1773 1637 1826 immolationem
1672 1772 1892 1825 inimica

282 1844 605 1911 hostiliaque
643 1846 975 1911 pararentur.
1051 1862 1186 1912 quae
1233 1844 1325 1896 ubi
1363 1861 1636 1912 accepere,
1674 1842 1894 1894 redden·-

217 1928 259 1961 25
283 1915 403 1966 dam
443 1914 607 1965 filiam
646 1914 906 1966 sacerdoti
943 1932 1115 1982 neque
1156 1914 1224 1966 ob
1262 1914 1317 1966 id
1353 1913 1720 1982 accipiendum
1745 1930 1894 1982 prae-

282 1985 450 2037 mium
487 1984 752 2037 universis
787 1985 978 2052 placet,
1019 1985 1215 2053 quippe
1255 1984 1347 2053 qui
1384 2002 1504 2037 cum
1542 2002 1637 2052 per
1674 2001 1728 2036 se
1766 1983 1894 2035 ami-

284 2073 374 2107 cus
422 2054 697 2121 fidelisque
745 2055 900 2106 nobis
961 2058 1076 2106 tum
1124 2055 1405 2123 praecipue
1463 2055 1531 2107 ob
1578 2053 1895 2123 religionem

283 2124 554 2204 Apollinis
592 2124 729 2175 nihil
755 2142 867 2176 non
892 2125 1084 2177 mereri
1123 2125 1440 2177 crederetur.
1502 2141 1733 2192 namque
1759 2123 1894 2176 mul-

283 2195 355 2247 tis
394 2195 501 2246 iam
539 2194 870 2246 documentis
918 2213 978 2247 ac
1025 2195 1170 2247 fama
1206 2195 1499 2248 incolarum
1537 2194 1760 2269 obsequi
1795 2211 1892 2246 nu-

220 2280 262 2312 30
283 2266 420 2318 1111111
458 2265 569 2316 eius
608 2282 702 2332 per
740 2265 920 2316 omnia
958 2264 1366 2317 destinaverant

426 2334 623 2386 XXIX.
714 2334 857 2395 Quae
914 2338 1197 2414 postquam
1245 2336 1620 2415 Agamemnon
1675 2333 1894 2401 accepit,

287 2406 499 2458 obviam
526 2408 839 2457 cunctorum
864 2405 1142 2457 sententiis
1178 2405 1254 2456 ire
1282 2405 1472 2474 pergit.
1522 2405 1701 2484 itaque
1727 2403 1896 2456 atroci

286 2476 439 2527 vultu
494 2475 715 2527 exitium
770 2475 1030 2527 sacerdoti
1077 2475 1455 2543 comminatuS,
1503 2475 1561 2526 ni
1607 2473 1890 2541 recederet,

287 2546 631 2613 perterritum
670 2563 849 2597 senem
887 2548 1043 2624 atque
1083 2548 1318 2596 extrema
1355 2546 1683 2596 metuentem
1719 2544 1896 2611 inper-

224 2627 268 2661 35
288 2616 431 2667 fecto
470 2616 688 2683 negotio
730 2617 795 2667 ab
835 2615 1066 2667 exercitu
1115 2614 1348 2666 dimittit.
1424 2614 1527 2666 hoc
1573 2613 1732 2666 modo
1772 2630 1895 2665 con-

403 2773 428 2811 2
461 2776 646 2824 gentum
689 2772 765 2812 GB
833 2770 1100 2824 Gergitham
1138 2772 1313 2823 scripsit
1350 2770 1575 2811 Mer-cerus
1698 2772 1724 2811 3
1763 2769 1898 2823 depo-

291 2827 476 2879 pulatus
512 2826 594 2870 GB
716 2831 740 2868 5
780 2827 884 2869 ideo
926 2827 1015 2869 GB.
1143 2828 1194 2867 12
1234 2826 1482 2879 appollinis
1521 2826 1598 2867 GB
1711 2826 1766 2866 20
1796 2837 1897 2878 pro-

294 2883 440 2936 priam
474 2883 551 2923 GB
667 2885 720 2923 25
752 2884 1039 2925 sacerdotem
1071 2881 1130 2924 ΘΙ
1247 2884 1302 2926 28
1332 2895 1503 2923 merere
1539 2880 1615 2925 θ’,
