1956 3178
194 213 314 250 xm
807 194 1225 239 PRAEFATIO.

198 316 424 384 denique
465 316 604 385 apud
643 316 794 368 illum
831 334 878 367 v.
919 316 1103 368 20770
1141 313 1227 384 (cf.
1268 313 1474 383 21678)

460 388 644 457 „am0“
685 390 781 441 daz
821 392 957 441 wort
996 407 1052 441 er
1083 389 1233 440 dicke
1276 389 1485 456 schreip

461 464 560 514 mit
597 466 735 514 wine
774 464 913 515 luter
950 463 1090 514 unde
1131 461 1294 514 frisch

459 536 545 587 fur
584 536 667 588 die
707 537 779 589 vil
819 537 998 589 claren
1036 536 1099 587 uf
1133 535 1236 587 den
1273 535 1413 587 tisch
1950 574 1956 579 .

194 609 334 677 apud
383 609 525 662 hunc
574 609 653 661 IV
711 612 774 662 11
819 609 1119 661 Alexander
1164 608 1318 660 Fariz
1369 609 1636 662 scribebat
1672 610 1835 663 rubro
1881 627 1886 630 ·

99 678 104 681 ’
192 683 317 734 vino
358 683 415 734 in
455 683 576 735 albo
618 684 830 735 sudario
856 685 909 739 et
931 684 1008 735 ita
1031 683 1368 751 loquebatur:
1408 682 1615 735 Helena
1637 684 1839 754 regina,

195 773 315 807 ama
353 775 453 824 me,
492 757 685 809 amabo
724 760 791 809 te.

343 829 488 891 Quae
527 830 686 882 modo
726 831 1002 882 attulimus
1046 830 1288 899 quamvis
1328 830 1588 882 eiusmodi
1620 831 1742 900 sint,
1779 834 1842 883 ut

152 889 156 894 ’
191 902 315 954 inde
341 904 600 970 suspicari
638 904 796 955 liceat
821 907 1091 955 auctorem
1117 921 1143 954 e
1167 902 1315 955 fonte
1341 903 1571 972 quodam
1601 904 1831 957 fortasse

190 975 356 1027 latine
397 977 594 1044 scripto
634 977 891 1045 hausisse,
931 978 1079 1029 cuius
1119 980 1303 1028 auctor
1339 995 1445 1030 non
1481 978 1699 1046 ignarus
1737 977 1841 1030 fuit
1938 990 1956 1039 ’ς’

191 1048 492 1100 litterarum
546 1049 936 1118 Romanarum⁷
999 1069 1062 1102 ex
1125 1051 1242 1101 aliis
1296 1049 1450 1102 facile
1504 1050 1840 1118 comprobari

189 1124 367 1188 potest
421 1141 541 1174 eum
603 1124 896 1190 posteriore
958 1129 1197 1192 tempore
1258 1124 1452 1175 vixisse
1515 1126 1674 1192 atque
1735 1124 1838 1177 seri

188 1194 346 1246 huius
384 1197 641 1264 temporis
680 1196 905 1265 fabulas,
945 1199 1136 1266 quibus
1175 1200 1290 1249 tum
1328 1197 1573 1249 homines
1613 1197 1839 1250 delecta-

188 1267 399 1336 bantur,
440 1270 758 1322 adhibuisse.
834 1270 1052 1323 Etenim
1089 1271 1241 1323 Paris
1282 1289 1402 1323 cum
1443 1271 1509 1322 ad
1538 1269 1839 1324 Menelaum

188 1342 442 1409 venisset,
490 1343 641 1395 dixit:
691 1343 792 1413 (IV
833 1343 890 1414 3)
932 1363 961 1396 o
1003 1345 1216 1397 domine
1255 1363 1346 1396 rex
1358 1387 1371 1412 ,
1413 1345 1546 1396 sciat
1582 1344 1834 1396 maiestas

190 1417 286 1465 tua
323 1433 408 1467 me
447 1434 558 1468 non
595 1418 804 1469 venisse
846 1418 1101 1470 servitum
1140 1419 1240 1470 tibi
1277 1421 1497 1487 propter
1521 1436 1711 1470 aurum
1743 1419 1837 1470 aut

190 1491 473 1556 argentum
528 1493 620 1542 aut
673 1495 892 1559 propter
947 1492 1052 1543 alia
1104 1492 1268 1561 bona,
1331 1492 1423 1544 sed
1475 1495 1536 1543 ut
1587 1491 1836 1560 viderem,

189 1561 368 1628 qualia
419 1563 528 1614 sint
578 1565 819 1616 convivia
868 1566 926 1616 in
974 1567 1069 1616 tua
1120 1567 1254 1618 aula.
1307 1598 1374 1602 —
1434 1566 1497 1617 de
1556 1564 1839 1635 Iphigenia
1916 1610 1921 1611 γ

186 1632 289 1685 hoc
327 1639 605 1688 narratum
646 1640 728 1689 est
764 1637 816 1689 V
856 1639 927 1690 64
979 1642 1071 1706 „et
1116 1658 1279 1707 quum
1320 1641 1459 1692 esset
1496 1656 1675 1707 mane,
1726 1639 1838 1690 ine-

187 1706 498 1760 briaverunt
537 1728 654 1761 eam
693 1711 833 1778 vinc,
874 1714 926 1763 et
966 1712 1276 1779 sopiverunt
1299 1717 1353 1764 et
1374 1711 1744 1781 reliquerunt“.
1766 1743 1835 1750 —

186 1778 339 1831 Paris
380 1781 508 1833 dicit
545 1783 716 1835 tribus
757 1784 970 1853 deabUS‚
1010 1804 1233 1854 quarum
1259 1786 1321 1838 de
1354 1786 1746 1854 pulchritudine
1784 1786 1834 1838 ei

186 1852 527 1906 iudicandum
568 1860 683 1907 erat
720 1856 796 1923 (II
835 1857 951 1926 58):
1008 1860 1079 1909 ite
1119 1859 1380 1926 dominae,
1420 1862 1474 1910 et
1512 1860 1684 1911 exuite
1722 1877 1836 1912 vos.

188 1957 257 1962 —
297 1926 528 1980 Hectore
574 1930 852 1982 interfecto
899 1930 1144 1983 Priamus
1189 1932 1479 1984 humilibus
1526 1935 1581 1984 et
1629 1932 1837 1985 detritis

183 2000 420 2052 vestibus
458 2001 676 2054 indutus
707 2004 1071 2074 citharamque
1100 2005 1304 2057 habens
1351 2004 1451 2074 (IX
1474 2004 1567 2076 52)
1591 2008 1839 2074 peccator

188 2075 241 2123 et
278 2075 590 2143 peregrinus
631 2076 698 2128 ad
740 2076 999 2130 Achillem
1039 2078 1308 2145 profectus
1349 2082 1445 2131 est.

336 2144 472 2198 Sunt
496 2151 689 2216 autem,
728 2151 833 2201 nisi
858 2151 1029 2219 fallor,
1068 2153 1297 2221 vestigia
1321 2153 1580 2221 quaedam
1604 2153 1829 2222 duplicis
1904 2182 1905 2185 ¹

187 2220 510 2271 recensionis
527 2263 542 2289 ,
606 2223 800 2289 prioris
871 2227 1029 2292 atque
1097 2226 1440 2294 posterioris,
1520 2244 1654 2294 quae
1720 2244 1832 2279 non

186 2292 398 2360 omitto,
462 2295 703 2362 quamvis
750 2315 917 2347 unum
981 2298 1270 2350 alterumve
1335 2299 1531 2351 nimiae
1597 2300 1828 2352 auctoris

183 2366 556 2434 neglegentiae
609 2368 773 2420 tribui
834 2388 991 2437 posse
1052 2389 1163 2423 non
1224 2372 1544 2441 negaverim.
1640 2371 1828 2441 Itaque
1870 2369 1872 2371 ’

185 2439 441 2506 'scriptum
481 2443 562 2492 est
592 2440 671 2493 IV
695 2441 766 2493 50
803 2444 989 2509 „troici
1026 2444 1214 2496 heroes
1255 2449 1308 2497 et
1345 2446 1544 2497 troicae
1583 2445 1832 2503 dominae

182 2511 470 2564 noluerunt
519 2514 566 2565 ei
618 2515 830 2566 obviam
882 2517 1044 2584 exire,
1106 2518 1283 2570 nullus
1333 2518 1490 2578 heros
1499 2559 1512 2585 ‚
1565 2519 1745 2571 nullus
1801 2537 1833 2572 e

185 2585 381 2636 servis“
420 2589 473 2637 et
509 2588 690 2654 paullo
712 2597 718 2603 '
729 2591 873 2655 post:
911 2592 997 2656 „et
1036 2590 1165 2641 exiit
1202 2591 1249 2642 ei
1289 2592 1502 2644 obviam
1539 2595 1692 2659 pater
1715 2593 1829 2645 eius

182 2654 269 2708 Pr.
315 2675 408 2709 rex
448 2662 501 2710 et
546 2660 760 2713 mater“.
802 2692 871 2698 —
919 2661 970 2713 V
1013 2663 1079 2714 12
1119 2662 1430 2716 Palamedes
1471 2667 1609 2733 orat,
1662 2667 1723 2718 ut
1761 2665 1830 2717 ad

182 2727 394 2799 Ulixem
433 2732 700 2785 insaniam
740 2734 1080 2787 simulantem
1119 2737 1364 2789 mittatur
1416 2740 1500 2807 „et
1535 2755 1689 2807 reges
1727 2738 1826 2793 mi·

185 2806 368 2854 serunt
429 2804 596 2872 Ajaks
653 2805 1001 2860 Solomonic‘fi
1057 2839 1127 2846 -—-
1182 2810 1232 2862 V
1287 2812 1354 2862 21
1418 2811 1642 2879 „aderat
1698 2827 1827 2864 vero

181 2874 340 2926 etiam
386 2877 592 2930 Acilees
640 2879 829 2932 fortior
876 2899 1035 2949 quam
1088 2900 1271 2935 omnes
1323 2882 1532 2952 Graeci,
1584 2883 1822 2936 Ferelesi
1923 2940 1956 2946 „

176 2947 350 2999 filius“
394 2952 634 3018 pergitur
678 2956 763 3021 „et
806 2954 981 3006 induit
1029 2955 1340 3009 muliebrem
1378 2960 1579 3009 vestem
1617 2959 1671 3010 et
1708 2958 1820 3009 am-
