1956 3178
328 91 395 145 98
845 91 1067 134 DICTYS
1100 91 1430 135 CRETENSIS

329 219 398 272 ob
434 219 726 288 pretiosam
764 219 982 269 vestem.
1050 215 1217 286 igitur
1252 217 1346 270 ubi
1372 217 1532 270 satias
1557 217 1779 272 Troiani
1814 237 1936 273 san-

329 290 508 360 guinis
544 288 721 340 tenuit
768 291 823 339 et
867 287 992 339 urbs
1030 286 1291 339 incendiis
1328 288 1668 356 complanata
1705 293 1800 358 est,
1836 290 1942 343 ini-

326 361 463 413 tium
501 357 784 411 solvendae
821 376 918 426 per
952 357 1205 426 praedam
1229 358 1452 411 militiae
1490 359 1722 429 capiunt,
1759 360 1940 428 primo

329 449 360 482 a
384 429 599 482 feminis
626 428 849 496 captivis
874 428 1159 496 puerisque
1185 427 1359 480 adhuc
1389 429 1692 482 inbellibus
1754 430 1832 483 ita
1870 449 1940 482 ue

286 516 307 550 5
330 519 394 553 ex
442 500 527 551 his
573 500 747 568 prima
795 499 1035 552 omnium
1080 498 1313 550 Helena-
1338 500 1451 551 sine
1500 503 1642 552 sorte
1689 499 1848 553 Mene
1870 519 1938 554 ao

329 570 663 639 conceditur,
713 570 836 621 dein
869 568 1145 637 Polyxena
1181 569 1435 622 suadente
1470 568 1628 622 Ulixe
1664 588 1761 639 per
1795 569 1940 624 Neo-

327 641 625 710 ptolemum
661 640 863 692 Achilli
900 639 1120 691 inferias
1158 640 1342 708 missa,
1381 641 1777 709 Agamemnoni
1815 639 1936 694 Cas-

328 711 522 764 sandra
569 711 747 779 datur,
805 713 1090 778 postquam
1145 710 1321 762 forma
1379 711 1490 762 eius
1539 714 1747 779 cathS,
1806 711 1939 779 quin

327 782 506 850 palam
543 781 862 834 desiderium
899 780 1180 848 fateretur,
1229 780 1560 833 dissimulare
1606 781 1938 850 nequiverat,

266 868 306 901 ιο
328 852 590 906 Aethram
636 855 690 904 et
737 851 1045 919 Clymenam
1090 850 1450 919 Demophoon
1504 854 1664 919 atque
1710 853 1943 904 Acamas

327 923 576 975 habuere.
634 922 960 989 reliquarum
994 939 1108 973 sors
1146 922 1234 990 agi
1272 924 1656 990 coeptaatque
1694 922 1771 974 ita
1794 921 1848 974 N
1851 924 1936 974 eo-

327 993 564 1062 ptolemo
614 991 988 1044 Andromache
1038 991 1326 1059 adiunctiS,
1386 994 1671 1060 postquam
1717 992 1773 1043 id
1819 1009 1940 1044 eve-

326 1066 495 1131 nerat,
546 1063 672 1114 filiis
711 1063 824 1114 eius
869 1063 927 1113 in
962 1062 1226 1114 honorem
1262 1063 1403 1114 tanti
1441 1062 1603 1125 duciS,
1646 1061 1796 1114 Ulixi
1831 1061 1939 1114 He-

329 1134 465 1187 cuba
502 1134 782 1186 obvenere.
856 1132 1115 1184 hactenus
1162 1132 1426 1184 nobilium
1472 1132 1794 1184 feminarum
1832 1149 1939 1184 ces-

266 1218 307 1250 15
330 1222 445 1256 sere
501 1204 730 1256 servitia.
834 1202 949 1270 alii,
1005 1205 1066 1254 ut
1121 1220 1384 1270 quemque
1441 1220 1555 1254 sors
1621 1202 1941 1271 contigerat,

326 1273 578 1343 praedam
626 1278 720 1326 aut
766 1291 829 1324 ex
876 1273 1123 1341 captiviS,
1172 1276 1432 1341 quantum
1469 1291 1567 1341 pro
1606 1273 1797 1325 merito
1836 1272 1940 1324 dis—

327 1345 685 1412 tribuebatur,
724 1343 972 1395 habuere.

470 1414 617 1467 XIV.
691 1414 915 1465 Interim
954 1431 1112 1481 super
1148 1412 1388 1464 Palladio
1438 1412 1630 1482 ingens
1669 1414 1939 1464 certamen

327 1486 469 1538 inter
506 1504 561 1537 se
600 1484 821 1536 ducibus
868 1487 1112 1535 exortum
1150 1483 1314 1534 Aiace
1350 1482 1654 1535 Telamonis
1692 1485 1940 1550 expostu-

266 1571 310 1602 20
332 1556 477 1608 lante
516 1556 574 1607 in
611 1573 805 1606 munus
843 1554 944 1606 sibi
980 1572 1078 1622 pro
1116 1553 1227 1620 his,
1275 1570 1409 1621 quae
1447 1553 1505 1604 in
1543 1552 1784 1622 singulos
1821 1553 1939 1604 uni-

329 1644 615 1694 versosque
670 1625 867 1677 virtute
930 1629 1088 1692 atque
1143 1623 1406 1675 industria
1465 1641 1561 1675 sua
1621 1622 1938 1675 contulerat.

329 1714 435 1764 qua
471 1715 527 1748 re
566 1696 736 1748 coacti
773 1713 944 1762 paene
984 1712 1183 1758 omneS‚
1224 1693 1382 1745 simul
1418 1693 1498 1745 uti
1534 1711 1603 1745 ne
1640 1692 1942 1745 laederetur

329 1767 540 1819 animus
575 1766 715 1818 tanti
752 1765 880 1832 viri,
932 1765 1080 1816 cuius
1118 1763 1390 1832 praeclara
1425 1763 1667 1816 facinora
1702 1762 1937 1832 vigilias-

329 1855 431 1905 que
478 1855 576 1904 pro
626 1835 860 1888 exercitu
918 1835 976 1886 in
1034 1835 1212 1886 animo
1261 1834 1588 1901 retinebant,
1637 1831 1940 1886 concedunt

264 1921 305 1954 25
328 1908 483 1959 Aiaci
550 1906 908 1958 renitentibus
963 1905 1089 1957 solis
1154 1904 1393 1956 omnium
1447 1903 1706 1956 Diomede
1775 1905 1936 1971 atque

329 1976 488 2030 Ulixe
548 1995 643 2029 sua
701 1977 898 2045 quippe
946 1993 1107 2044 opera
1143 1974 1540 2026 insinuantibus
1577 1973 1633 2024 id
1678 1972 1933 2025 ablatum.

329 2051 517 2100 contra
553 2048 692 2099 Aiax
718 2046 995 2099 adfirmare
1023 2064 1135 2098 non
1170 2045 1351 2096 labore
1389 2047 1483 2096 aut
1515 2043 1713 2095 virtute
1750 2060 1936 2095 eorum

328 2135 442 2170 rem
467 2120 688 2187 gestam,
711 2118 1044 2169 Antenorem
1067 2133 1298 2183 namque
1325 2113 1775 2182 contemplatione
1796 2130 1936 2165 com-

329 2189 506 2240 munis
554 2188 818 2239 amicitiae
866 2187 1159 2238 abstulisse.
1242 2188 1359 2237 tum
1404 2184 1689 2236 Diomedes
1741 2182 1936 2236 honori

264 2273 308 2304 30
332 2259 444 2311 eius
480 2276 576 2327 per
622 2256 996 2310 verecundiam
1044 2255 1340 2309 concedens
1388 2273 1420 2307 a
1456 2253 1747 2307 certamine
1781 2251 1936 2304 desti-

328 2330 411 2381 tit.
485 2329 652 2398 igitur
687 2327 873 2380 Ulixes
911 2345 1031 2379 cum
1069 2326 1234 2378 Aiace
1273 2343 1479 2377 summa
1524 2324 1578 2376 vi
1614 2323 1936 2376 contendere

329 2400 470 2452 inter
517 2417 571 2451 se
619 2401 778 2466 atque
826 2398 1055 2449 invicem
1102 2396 1393 2448 industriae
1438 2393 1642 2447 meritis
1689 2394 1935 2460 expostu-

329 2470 440 2522 lare
475 2469 839 2521 adnitentibus
878 2466 1027 2520 Ulixi
1053 2466 1297 2518 Menelao
1330 2468 1490 2532 atque
1528 2466 1934 2532 Agamemnone

332 2540 400 2592 ob
439 2543 702 2591 servatam
739 2538 898 2607 paulo
937 2539 1061 2589 ante
1099 2554 1261 2604 opera
1297 2535 1410 2587 eius
1445 2533 1724 2586 Helenam.
1786 2550 1934 2584 nam-

267 2623 311 2655 35
334 2628 436 2678 que
473 2613 596 2678 post
633 2612 846 2677 captum
882 2607 1042 2660 Ilium
1066 2607 1204 2658 Aiax
1240 2604 1546 2663 recordatus
1571 2621 1771 2671 eorum,
1798 2619 1934 2670 quae

445 2751 565 2791 XIV.
599 2753 682 2792 XV
710 2750 866 2792 Malal.
900 2749 1121 2791 138—144
1152 2747 1346 2789 Cedren.
1377 2747 1413 2787 P
1445 2748 1539 2788 132.

447 2880 500 2918 10
534 2878 790 2931 demophon
820 2891 860 2919 a.
883 2876 1098 2918 achamas
1122 2874 1200 2915 GB
1276 2875 1332 2914 24
1361 2872 1666 2914 retinentibus
1690 2870 1726 2911 G
1754 2883 1856 2911 corr
1875 2869 1932 2909 B.
