1956 3178
75 51 109 67 ,ἱ
207 51 209 53 ,

19 58 73 98 ’1-
109 71 115 76 .

28 111 35 115 ’
549 137 736 180 BELLI
767 136 1016 180 TROIANI
1050 135 1165 178 Lm.
1201 135 1261 177 11.
1649 133 1715 187 19

96 263 440 332 moravimUS,
478 281 798 334 congressus
836 280 956 316 cum
983 262 1223 331 Telepho
1262 261 1504 329 ictusque
1543 261 1609 313 ab
1650 278 1713 313 eo

97 335 238 400 cadit
274 335 458 388 multis
494 339 675 388 tamen
699 333 938 387 hostium
975 336 1100 386 ante
1138 331 1460 385 interfectis:
1499 331 1558 383 in
1594 332 1714 400 quis

97 405 321 475 Telephi
373 406 645 474 comitem,
697 422 855 474 quem
902 422 994 456 rex
1045 404 1114 456 ob
1160 401 1713 456 industriamvirium

97 480 257 546 atque
294 476 499 547 ingenii
537 476 679 528 inter
717 475 874 528 duces
912 475 1169 542 habebat,
1210 477 1424 527 strenue
1463 473 1716 526 dimican-

97 551 207 601 tem
233 547 667 601 obtruncaverat:
695 551 855 615 atque
893 546 970 598 ita
995 545 1254 614 paulatim
1282 546 1452 597 elatus
1479 543 1712 597 seeundo
1737 560 1759 591 5

97 618 225 671 belli
263 621 457 671 eventu
495 621 549 670 et
595 618 665 670 ob
712 617 767 669 id
804 617 1008 669 maiora
1055 617 1260 669 viribus
1309 615 1588 685 adgressus
1635 615 1716 667 in-

96 689 372 742 terficitur.
459 692 618 757 atque
667 689 780 740 eius
829 691 1110 740 cruentum
1167 705 1360 755 corpus
1408 685 1716 753 DiomedeS,

97 759 240 828 quod
279 760 328 812 ei
364 760 472 812 iam
510 763 626 811 tum
666 777 697 811 a
731 759 1044 827 parentibus
1083 761 1332 826 coeptum
1371 774 1493 809 cum
1532 775 1595 810 eo
1635 775 1716 808 so—

96 830 304 883 cietatis
341 830 424 882 ius
462 830 864 899 perseverabat,
903 829 1101 881 umeris
1141 828 1360 880 extulit:
1400 826 1561 895 idque
1598 827 1714 896 igni

98 905 414 970 crematum,
467 901 609 969 quod
658 900 1020 969 superfuerat,
1068 899 1243 967 patrio
1291 915 1440 951 more
1487 898 1714 966 sepeliit.
1741 915 1781 945 10

238 971 335 1024 III.
410 973 485 1024 At
544 972 637 1023 ubi
693 971 1115 1023 animadvertere
1173 969 1413 1022 Achilles
1469 972 1523 1021 et
1577 969 1717 1021 Aiax

100 1042 444 1095 Telamonius
469 1059 668 1112 magno
708 1060 924 1094 suorum
951 1041 1272 1093 detrimento
1312 1043 1563 1093 eventum
1589 1039 1717 1091 belli

95 1113 263 1182 trahi,
315 1113 604 1166 exercitum
651 1113 708 1164 in
747 1112 876 1164 duas
925 1116 1103 1180 partes
1142 1111 1480 1179 dispertiunt,
1519 1128 1580 1162 ac
1617 1127 1716 1179 pro

94 1186 336 1253 tempore
385 1183 650 1236 cohortati
697 1201 820 1236 suos
867 1187 1142 1251 tamquam
1167 1181 1478 1234 restauratis
1509 1181 1714 1233 viribus

96 1255 269 1308 acrius
306 1254 488 1307 hostes
525 1255 833 1307 incurrunt:
882 1254 985 1323 ipsi
1033 1253 1192 1305 duces
1238 1252 1508 1321 principes
1547 1255 1713 1304 certa-
1738 1272 1779 1304 15

95 1325 284 1392 miniS,
348 1343 468 1377 cum
520 1325 680 1377 modo
736 1325 1148 1393 insequerentur
1201 1323 1497 1393 fugientes,
1555 1322 1715 1375 modo

95 1395 472 1466 ingruentibus
509 1399 677 1448 semet
722 1396 893 1447 instar
939 1395 1078 1447 muri
1127 1397 1479 1463 opponerent.
1556 1396 1716 1462 atque

94 1466 173 1519 ita
197 1467 344 1520 omni
371 1466 530 1520 modo
564 1466 726 1535 primi
752 1469 846 1519 aut
870 1466 1012 1518 inter
1037 1465 1238 1534 primos
1265 1465 1527 1517 bellantes
1565 1481 1715 1532 prae-

96 1537 293 1590 claram
339 1538 446 1589 iam
494 1540 609 1590 tum
655 1537 871 1589 virtutis
922 1555 1047 1588 suae
1096 1535 1296 1588 famam
1345 1534 1487 1603 apud
1534 1534 1716 1587 hostes

96 1612 255 1678 atque
314 1608 458 1660 inter
517 1625 643 1660 suos
716 1607 950 1659 effecere.
1057 1607 1275 1659 interim
1337 1605 1714 1674 TeuthraniuS,
1738 1627 1780 1659 20

97 1677 426 1731 Teuthrante
465 1681 520 1730 et
545 1679 701 1748 Auge
727 1678 958 1748 genitus,
998 1677 1164 1730 frater
1189 1675 1415 1745 Telephi
1453 1676 1714 1744 uterinus,

96 1749 187 1801 ubi
225 1749 604 1801 animadvertit
627 1749 847 1801 Aiacem
883 1752 1037 1801 tanta
1062 1747 1342 1800 adversum
1380 1765 1505 1799 suos
1541 1746 1716 1816 gloria

96 1819 464 1889 dimicantem,
511 1838 738 1889 propere
786 1819 852 1871 ad
900 1837 1021 1872 eum
1059 1818 1327 1872 convertit
1363 1818 1545 1886 ibique
1582 1835 1716 1888 pug-

94 1889 274 1943 nando
312 1891 451 1943 ictus
486 1891 595 1943 telo
635 1891 748 1943 eius
787 1890 1052 1943 occubuit.
1129 1890 1242 1941 eius
1281 1907 1406 1941 casu
1444 1887 1715 1956 Telephus

95 1979 207 2014 non
267 1961 606 2014 mediocriter
675 1961 951 2030 perculsus
1011 1960 1380 2028 ultionemque
1442 1958 1712 2011 fraternae
1734 1980 1777 2011 25

94 2032 284 2085 mortis
339 2035 592 2100 expetens
646 2032 875 2084 infestus
931 2031 1098 2083 aciem
1154 2029 1362 2082 invadit
1417 2032 1473 2081 at
1511 2047 1577 2082 ue
1639 2029 1714 2081 ibi

94 2101 297 2173 fugatis
335 2120 469 2171 quos
506 2102 785 2155 adversum
823 2102 985 2170 ierat,
1033 2118 1153 2153 cum
1192 2100 1460 2153 obstinate
1552 2099 1713 2152 lixem

96 2172 239 2225 inter
274 2173 482 2241 vineas,
521 2191 658 2241 quae
696 2173 744 2224 ei
782 2172 901 2224 loco
941 2171 1221 2224 adiunctae
1261 2173 1430 2239 erant,
1470 2171 1715 2239 inseque-

96 2246 260 2311 retur,
299 2243 638 2311 praepeditus
675 2247 866 2295 trunco
893 2243 1017 2295 vitis
1054 2243 1177 2295 ruit.
1252 2241 1307 2294 id
1343 2241 1436 2294 ubi
1474 2241 1715 2294 Achilles

96 2313 284 2382 procul
310 2313 702 2382 animadvertit,
739 2314 907 2366 telum
945 2313 1205 2366 iaculatus
1231 2312 1406 2364 femur
1436 2312 1714 2364 sinistrum
1736 2333 1778 2366 30

95 2385 211 2455 regi
247 2384 532 2454 transfigit.
614 2388 670 2437 at
706 2383 974 2453 Telephus
1022 2383 1234 2454 inpigre
1280 2400 1565 2452 resurgens
1612 2382 1715 2434 fer-

96 2472 215 2506 rum
253 2473 317 2507 ex
355 2472 577 2523 corpore
615 2454 848 2508 extrahit
894 2458 947 2507 et
982 2458 1256 2523 protectus
1294 2471 1556 2506 concursu
1595 2471 1713 2505 suo—

96 2542 215 2577 rum
251 2526 319 2578 ab
356 2525 581 2578 instanti
618 2525 853 2594 pernicie
890 2526 1147 2578 liberatus
1185 2527 1280 2577 est.

101 2619 283 2626 --,,--

210 2622 467 2696 miza—{z—
500 2654 738 2696 Antehom.
771 2655 853 2695 265
892 2667 1020 2708 seqq.
1057 2654 1231 2695 Auctor
1270 2652 1364 2694 τῶν
1399 2651 1625 2706 Τρωϊκῶν
1665 2653 1713 2692 in

97 2709 148 2751 B.
177 2708 270 2750 Uff.
301 2709 518 2754 XXXIII.

212 2824 264 2864 15
294 2823 442 2876 ipsius
475 2821 553 2863 ΕΒ
667 2825 717 2864 21
751 2823 1050 2864 theutbranto
1076 2821 1155 2862 ΕΒ
1215 2820 1338 2875 alige
1373 2821 1452 2863 ΕΒ
1511 2822 1640 2874 Auge
1673 2821 1718 2860 V

97 2880 152 2921 25
187 2878 502 2932 ulcionemque
543 2878 620 2920 ΕΒ
735 2882 789 2921 29
819 2880 1101 2933 praeteritus
1142 2882 1176 2923 G
1214 2880 1257 2919 in
1293 2892 1427 2931 mary.
1470 2880 1509 2921 1.
1541 2893 1591 2919 m.
1638 2877 1713 2918 uel

97 2935 396 2990 praepeditus
454 2934 529 2975 uel
560 2935 861 2989 praepeditus
891 2935 930 2975 B
1055 2937 1108 2976 33
1141 2935 1375 2987 perniciae
1410 2934 1446 2975 Ε

1387 3005 1452 3052 2ἱῠς
