1956 3178
728 161 1151 213 PRAEFATIO.
1679 175 1778 217 XLI

116 294 170 346 et
207 292 395 347 deinde
434 292 505 360 (v,
547 291 680 360 646)

391 385 535 421 swaz
575 367 643 420 da
682 365 888 450 gesigte
929 365 983 418 bi
1023 364 1116 418 der
1155 344 1326 419 stunt:

321 450 330 457 '
387 463 445 497 ez
484 460 640 496 waere
680 440 768 493 ein
807 439 953 508 ohse,
993 457 1049 491 ez
1089 458 1244 492 waere
1283 441 1368 492 ein
1410 439 1588 507 wider,

388 519 484 571 daz
526 517 646 570 reht
685 514 848 567 enleit
887 532 944 566 er
983 513 1050 565 da
1089 514 1212 566 niht
1250 514 1416 582 nider,

387 611 510 644 wan
550 609 606 643 er
644 590 720 642 im
759 589 876 640 eine
916 591 1076 640 crone

389 668 503 718 sazt
539 665 604 717 uf
639 663 724 716 sin
762 663 966 716 houbet
1005 663 1217 716 schone.

21 797 28 806 ,
118 756 177 808 in
215 755 316 808 hoc
356 754 535 807 libello
576 753 652 823 (II
684 751 799 824 24):
839 753 993 805 Pariz
1033 753 1406 806 committebat
1438 755 1569 808 duos
1596 757 1775 828 boveS‚

117 831 172 882 et
215 830 532 899 pungebant
576 828 716 880 inter
764 846 819 880 se
866 830 919 879 et
957 830 1077 879 uter
1114 827 1384 896 vincebat,
1441 829 1489 880 ei
1527 831 1777 884 nectebat

115 921 374 957 coronam
413 922 440 956 e
479 902 716 957 floribus

265 977 448 1033 Etiam
497 998 631 1050 quae
677 978 732 1031 ΙΙ
774 979 840 1032 79
884 998 1027 1050 seqq.
1075 982 1416 1048 exponuntur
1455 998 1486 1032 a
1526 979 1774 1035 Conrado

119 1052 279 1124 plane
327 1055 489 1108 simili
534 1054 693 1107 modo
741 1054 921 1123 paullo
971 1072 1131 1122 supra
1177 1057 1396 1107 narrata
1437 1057 1584 1108 sunt:
1633 1056 1775 1124 apud

121 1129 274 1182 illum
313 1130 455 1182 enim
492 1130 719 1199 legimus
760 1147 806 1180 v.
850 1128 955 1180 702

386 1219 452 1272 do
492 1218 629 1286 treip
670 1235 726 1269 er
765 1217 915 1269 dicke
954 1217 1011 1269 in
1052 1217 1207 1270 einen
1246 1217 1384 1270 bach
1433 1267 1435 1269 .

386 1293 483 1346 daz
522 1292 644 1344 vihe
683 1291 912 1343 trenken
951 1291 1007 1343 in
1048 1291 1162 1343 dem
1207 1308 1372 1361 wage‚

386 1367 478 1420 der
516 1366 616 1418 floz
656 1366 714 1418 in
753 1366 927 1418 einem
968 1365 1222 1419 schoenen
1260 1365 1400 1437 hage

385 1448 484 1494 viir
523 1441 640 1493 eine
679 1440 835 1492 wilde
876 1440 1033 1494 cluse.

385 1516 482 1567 dar
519 1515 646 1567 inne
686 1533 796 1567 was
837 1515 935 1567 mit
972 1516 1106 1568 huse

387 1609 640 1662 gesezzen
680 1591 766 1643 ein
806 1591 1042 1660 gotinne.

118 1681 260 1750 apud
283 1681 425 1733 hunc
449 1679 502 1732 Π
544 1681 611 1733 79
651 1684 734 1749 „et
773 1680 1224 1750 appropinquavit
1247 1680 1437 1734 Troiae
1464 1682 1530 1734 ad
1553 1682 1775 1735 fluvium

120 1755 320 1808 dictum
358 1754 687 1822 Kasantusa‚
735 1758 788 1807 et
826 1755 967 1823 apud
1005 1755 1227 1807 fluvium
1267 1773 1389 1808 eum
1427 1756 1635 1809 invenit
1672 1755 1775 1808 Ve-

125 1832 258 1881 neus
298 1828 601 1882 dominam“

267 1919 408 1986 apud
447 1919 600 1970 illum
639 1938 686 1971 v.
730 1919 836 1971 790

386 1997 444 2045 so
483 1992 637 2044 Pariz
678 1993 787 2044 und
825 1992 1047 2061 Egenoe

383 2085 489 2119 von
529 2067 576 2118 ir
615 2066 797 2118 minne
839 2066 1113 2119 scheident

383 2140 494 2192 und
531 2140 684 2192 beide
725 2139 979 2191 einander
1018 2141 1230 2209 leident,

385 2219 443 2266 so
484 2232 637 2266 muoz
678 2214 760 2265 diz
799 2231 1001 2265 wazzer
1039 2215 1372 2267 wunneclich

385 2306 441 2340 ze
482 2288 643 2357 berge
682 2287 869 2339 fliezen
907 2287 1099 2340 hinder
1139 2289 1252 2341 sich

119 2362 261 2431 apud
299 2362 441 2415 hunc
487 2361 540 2413 Π
580 2363 650 2415 83
699 2361 841 2432 quod
886 2362 1012 2413 iam·
1043 2380 1204 2430 supra
1242 2363 1556 2416 memoravi:
1631 2382 1773 2432 „non

120 2436 360 2489 deseram
397 2439 473 2505 te3
531 2436 576 2487 si
614 2454 739 2488 vero
778 2437 831 2486 te
873 2435 1166 2504 deseruero,
1204 2436 1397 2489 fluvius
1437 2437 1523 2489 hic
1563 2436 1773 2490 Kasan-

117 2512 241 2562 tusa
278 2513 573 2563 retrorsum
612 2508 771 2562 fluet“

268 2599 409 2667 apud
446 2599 599 2651 illum
638 2617 685 2650 v,
729 2598 834 2650 726

383 2691 507 2724 wan
547 2672 592 2723 si
631 2671 920 2740 begunden
958 2672 1127 2723 under
1167 2672 1253 2723 ein

383 2746 431 2797 ir
468 2748 620 2797 muot
659 2745 986 2797 verstricken
1024 2746 1134 2797 und
1173 2746 1219 2796 ir
1258 2745 1347 2813 lip.

388 2837 444 2870 er
483 2821 619 2870 wart
656 2819 703 2870 ir
741 2837 883 2887 man,
925 2819 971 2870 si
1010 2822 1146 2870 wart
1186 2818 1269 2870 sin
1308 2819 1429 2887 wip.

139 2892 281 2961 apud
318 2892 461 2944 hunc
499 2891 554 2943 II
594 2891 663 2944 85
707 2894 794 2959 „et
831 2910 951 2944 cum
991 2910 1054 2944 ea
1092 2892 1324 2960 primum
1371 2910 1607 2946 amorem
1646 2894 1770 2946 iniit

119 2968 174 3017 et
211 2966 442 3036 sumpsit
480 2966 529 3018 ei
568 2964 868 3018 coronam.“
