1956 3178
30 0 136 164 f
583 87 771 130 BELLI
800 85 1056 131 TROIANI
1085 87 1206 130 LIB.
1241 87 1292 132 V.
1671 84 1737 138 87

267 213 337 267 Π.
387 211 615 283 „Grave,
636 212 858 266 Troiani
876 211 1148 282 principes
1174 228 1376 280 vosque
1403 211 1551 279 socii,
1578 227 1740 291 grave

14 272 19 274 .
49 278 64 342 ξ
127 284 331 339 bellum
366 284 524 337 nobis
570 283 807 336 extitisse
857 282 1138 336 adversum
1176 281 1484 350 Graeciam3
1524 298 1740 352 gravlus

129 373 257 410 vero
312 355 590 424 multoque
657 354 838 407 durius
850 395 863 421 ‚
932 353 1171 406 mulieris
1228 371 1387 406 causa
1453 352 1741 421 hostesque

129 427 346 480 effectos
383 443 545 495 quam
589 424 968 492 amicissimos,
1018 425 1110 493 qui
1157 423 1280 476 inde
1327 423 1435 476 iam
1473 442 1504 475 a
1539 422 1740 492 Pelope

131 497 236 551 orti
299 495 590 549 adfinitatis
650 495 812 548 etiam
883 495 999 547 iure
1056 495 1212 548 nobis
1269 494 1543 548 coniuncti
1599 496 1740 546 sunt.
1765 512 1785 544 5

129 584 362 636 namque
399 566 445 619 si
469 567 758 635 praeterita
782 565 924 618 mala
962 565 1269 618 summatim
1295 565 1561 634 attingere
1589 582 1745 634 opor-

129 642 257 707 teat,
294 654 589 706 numquam
626 637 814 689 civitas
851 639 1038 689 nostra
1085 636 1334 705 depressa
1371 635 1640 688 aerumnis
1678 634 1746 688 ad

130 708 370 778 requiem
417 707 647 760 emersit.
731 725 1027 777 usquamne
1083 708 1240 760 nobis
1300 706 1515 759 defuere
1572 706 1744 774 fletus,

132 782 225 833 aut
249 778 408 832 sociis
446 778 760 831 imminutae
787 777 1158 831 calamitates?
1209 777 1422 847 quando
1449 795 1563 830 non
1589 777 1747 829 amici

134 852 384 921 parentes
430 849 721 918 propinqui
777 849 875 901 filii
923 848 1152 917 denique
1208 849 1268 901 in
1327 847 1466 900 bello
1525 846 1745 900 amissi?
1770 864 1810 895 10

134 924 213 989 et,
251 924 313 973 ut
348 938 413 972 ex
450 938 535 972 me
572 920 901 989 reliquorum
939 920 1181 972 luctuum
1217 919 1532 971 memoriam
1568 936 1750 971 recen-

133 1009 295 1060 seam,
335 989 592 1059 quidnam
629 991 687 1043 in
715 989 918 1043 Glauco
945 990 1057 1043 filio
1084 990 1351 1043 toleravi?
1400 990 1549 1042 cuius
1586 989 1750 1042 inter-

135 1062 258 1130 itus,
296 1079 620 1130 quamquam
654 1062 876 1114 acerbus
912 1061 1062 1130 mihi,
1101 1064 1282 1114 tamen
1314 1078 1428 1113 non
1464 1061 1542 1113 ita
1576 1059 1752 1113 dolori

137 1133 260 1201 fuit,
299 1150 460 1201 quam
494 1137 718 1200 tempus
755 1131 913 1201 illud,
966 1150 1071 1201 quo
1120 1131 1402 1184 adiunctus
1439 1129 1749 1183 Alexandro

136 1203 205 1255 ad
249 1206 462 1272 raptum
509 1201 746 1255 Helenae
802 1203 1116 1256 comitatum
1172 1203 1255 1255 sui
1311 1201 1573 1271 praebuit.
1659 1199 1752 1254 sed
1775 1216 1815 1249 15

137 1273 549 1344 praeteritorum
595 1274 778 1326 saties:
837 1273 1031 1326 futuris
1080 1272 1269 1326 saltem
1314 1271 1642 1342 parcendum
1688 1289 1751 1324 ac

137 1343 524 1397 consulendum
562 1347 656 1397 est.
733 1344 924 1397 Graeci
961 1342 1207 1396 homines
1245 1342 1491 1396 custodes
1527 1342 1653 1395 fidei
1691 1360 1752 1394 ac

138 1415 379 1468 veritatis
390 1456 405 1483 ,
451 1414 719 1483 principes
769 1415 1164 1468 benivolentiae
1223 1418 1383 1484 atque
1432 1414 1751 1466 officiorum.

136 1486 289 1539 testis
335 1485 421 1537 his
467 1486 624 1538 rebus
672 1485 942 1553 Priamus,
991 1486 1084 1554 qui
1130 1486 1248 1554 ipso
1293 1485 1519 1554 strepitu
1558 1484 1753 1536 discor-

140 1555 348 1608 diarum
395 1555 629 1608 fructum
685 1560 868 1608 tamen
913 1556 1309 1609 misericordiae
1367 1573 1551 1608 eorum
1601 1554 1752 1608 tulit:
1777 1571 1818 1604 20

140 1644 315 1696 neque
352 1626 632 1680 inferendo
671 1627 871 1679 bellum
917 1627 1204 1696 quicquam
1249 1626 1398 1695 prius
1435 1628 1755 1678 temeratum

140 1698 209 1750 ab
257 1697 368 1766 his,
422 1715 582 1766 quam
627 1698 905 1766 perfidiam
954 1698 1012 1750 in
1050 1698 1169 1766 ipsa
1205 1697 1476 1767 legatione
1514 1696 1757 1749 insidias-

141 1786 245 1838 que
283 1768 350 1821 ab
387 1768 586 1821 nostris
625 1769 829 1837 experti
867 1771 1007 1821 sunt.
1084 1769 1142 1820 in
1180 1787 1286 1837 qua
1322 1786 1378 1820 re
1390 1810 1404 1836 ,
1452 1768 1572 1820 dico
1613 1767 1757 1819 enim

142 1838 288 1908 quod
323 1839 497 1891 sentio
509 1880 523 1907 ,
572 1838 817 1892 Priamus
865 1839 1084 1908 eiusque
1121 1839 1220 1891 filii
1258 1842 1527 1892 auctores:
1575 1839 1634 1890 in
1670 1837 1756 1889 his

142 1910 304 1963 etiam
330 1909 702 1979 AntimachuS,
741 1910 836 1979 qui
874 1928 1058 1962 recens
1095 1910 1303 1962 amissis
1341 1909 1523 1961 liberis
1561 1908 1639 1960 ini
1680 1907 1757 1960 ui·
1780 1923 1823 1956 25

143 1980 270 2033 tatis
308 1999 434 2033 suae
470 1999 672 2049 poenas
710 1981 825 2033 luit.
901 1981 1033 2033 haec
1070 1980 1254 2032 omnia
1289 1980 1347 2032 in
1385 1979 1615 2049 gratiam
1642 1927 1759 2030 (he-

145 2050 298 2104 lenae
337 2054 510 2121 gesta,
560 2051 764 2103 scilicet
810 2051 924 2103 eius
961 2050 1225 2119 mulieriS,
1266 2068 1423 2119 quam
1459 2068 1529 2102 ne
1568 2048 1760 2102 Graeci

147 2121 363 2189 quidem
398 2122 660 2190 recipere⁴
672 2124 925 2191 gestiunt.
1001 2122 1297 2174 retineatur
1332 2121 1502 2191 igitur
1538 2121 1597 2172 in
1635 2119 1760 2172 civi-

144 2195 257 2244 tate
293 2209 358 2244 ca
393 2191 617 2260 femina,
658 2192 726 2244 ob
765 2210 925 2261 quam
962 2191 1114 2245 nulla
1150 2208 1309 2261 gem,
1359 2191 1497 2243 nulli
1533 2207 1761 2259 usquam

147 2262 336 2331 populi
390 2262 548 2315 amici
594 2266 688 2314 aut
733 2280 845 2315 non
895 2262 1077 2315 infesti
1124 2262 1250 2315 huic
1306 2279 1492 2332 regno,
1575 2277 1759 2314 nonne
1782 2275 1825 2308 30

147 2335 340 2401 sponte
378 2333 659 2401 suppliceS,
697 2336 759 2386 ut
794 2333 1058 2403 recipiant
1091 2351 1223 2401 eam,
1262 2331 1611 2403 rogabimus?
1648 2348 1762 2384 non

149 2404 299 2456 omni
324 2403 483 2456 modo
523 2403 907 2456 satisfaciemus
944 2404 1102 2457 laesis
1140 2405 1247 2457 iam
1272 2404 1472 2456 totiens
1501 2419 1597 2471 per
1622 2400 1762 2454 nos?

148 2491 262 2527 non
298 2474 358 2526 in
395 2474 636 2527 futurum
676 2475 864 2528 saltem
902 2475 1366 2528 reconciliabimus
1404 2473 1538 2526 tales
1577 2470 1763 2525 viros?

264 2605 319 2645 25
349 2604 503 2647 'rzetz.
536 2603 776 2645 Antehom.
813 2606 907 2646 158.

266 2718 292 2756 3
322 2716 477 2757 hostes
509 2717 549 2757 B
667 2719 690 2758 7
725 2731 781 2758 en
821 2729 1020 2770 unquam
1053 2717 1094 2756 P
1124 2717 1238 2770 quod
1264 2716 1504 2768 suspicatus
1543 2720 1609 2756 est
1647 2713 1767 2755 Mer-

151 2785 276 2812 verus
312 2786 402 2813 cum
439 2774 560 2826 siyno
598 2775 949 2828 interrogationis
1083 2773 1108 2812 8
1139 2784 1401 2825 unquamne
1441 2772 1483 2812 P
1609 2772 1662 2811 16
1692 2782 1767 2810 sa-

155 2828 215 2868 tis
253 2828 297 2868 V
410 2831 460 2870 19
493 2830 571 2881 qui
601 2830 648 2870 in
680 2831 721 2870 P
833 2832 888 2872 26
919 2829 1075 2883 gratia
1109 2829 1187 2869 GB
1248 2829 1442 2882 gratiam
1474 2828 1514 2868 P
1612 2829 1664 2868 31
1697 2838 1768 2867 ro·

155 2885 367 2937 gauimus
401 2886 436 2926 G
494 2886 758 2938 rogabimus
788 2886 843 2928 B.
