1956 3178
0 0 17 123 i
35 0 389 58 wago-’⁴:⁶³

9 59 13 62 ⁴
75 56 78 58 ·
99 45 134 57 ’,ι
161 45 166 51 ⁴
236 42 244 48 ι

10 68 14 103 1

0 107 12 148 *⁵
710 138 1127 185 PRAEFATIO.
1645 158 1748 196 xm

1 321 7 332 ,
94 280 404 332 comparare
421 264 643 315 conatus
663 264 746 315 est
763 279 986 331 eamque
995 261 1202 314 invenit
1211 260 1520 330 plurimam:
1546 278 1747 313 nomen

106 339 285 390 autem
326 355 495 400 suum,
535 336 684 388 cuius
725 354 854 388 sane
893 336 1028 388 nihil
1067 336 1304 404 interest,
1343 352 1442 387 nos
1483 335 1689 388 celavit.

245 410 359 463 Iam
425 428 550 462 vero
617 412 828 478 tempus
891 412 975 462 est
1044 409 1354 462 testimonia
1428 410 1748 478 scriptorum

96 485 290 554 prioris
351 483 609 552 temporis
673 484 972 536 accuratius
1034 483 1385 553 investigare,
1455 482 1647 553 quibus
1708 483 1749 534 ii

93 559 342 611 nituntur
388 558 478 627 qui
523 557 855 610 contendunt
901 558 1030 610 olim
1068 556 1283 609 Daretis
1325 575 1458 626 opus
1506 557 1747 609 extitisse

96 631 375 701 Graecum,
415 650 478 683 ex
516 649 620 701 quo
660 631 715 683 id
740 631 882 701 quod
906 632 1212 683 etiamnunc
1237 632 1496 684 habemus
1521 630 1749 683 fluxerit.

244 706 568 774 Acprimum
587 704 1747 774 quidemPtolomaeusHephaestionis

97 777 162 850 (c.
203 798 247 832 a.
290 777 568 849 ‘lo—100>
619 781 903 848 (novarum
954 779 1301 832 historiarum
1350 778 1620 848 Excerpta
1670 778 1748 831 ed.

98 851 321 941 Roulez)
359 872 409 921 p.
444 854 510 906 15
550 853 678 906 dicit

240 922 596 995 Ἀντίπατρος
636 925 701 979 δέ
736 940 911 994 φησιν
951 921 979 978 ὁ
1024 921 1322 988 Ἀκάνθιος
1362 923 1594 996 Δάρητα
1640 922 1746 995 πρὸ

85 995 329 1090 Ὀμήρου
375 998 665 1069 γράψαντα
712 996 815 1068 τὴν
865 995 1114 1067 Ἰλιάδα,
1170 997 1430 1069 μνήμονα
1483 998 1748 1069 γενέσθαι

85 1070 350 1164 “Europos
402 1071 540 1143 ὑπερ
595 1075 695 1127 τοῦ
743 1070 816 1142 μὴ
866 1068 1085 1126 ἀνελεῖν
1140 1071 1473 1143 Πάτροκλον
1529 1072 1749 1144 ἑταῖρον

88 1143 150 1200 ‘A
186 1147 388 1211 ιλλέως.

150 1168 181 1217 χ
247 1222 365 1284 Qua
417 1222 520 1273 fide
576 1222 768 1291 dignus
832 1222 902 1274 sit
954 1222 1042 1274 hic
1094 1221 1438 1274 Ptolomaeus
1495 1221 1748 1275 Chennus

97 1296 332 1349 ostendit
347 1295 410 1348 R.
427 1295 729 1347 Hercherus
743 1294 783 1364 ¹)
801 1298 854 1347 et
870 1296 1025 1349 docet
1047 1295 1417 1349 Ptolomaeum
1443 1314 1507 1348 ex
1522 1314 1746 1348 numero

97 1389 282 1423 eorum
321 1370 794 1440 grammaticorum
819 1370 983 1422 fuisse
1024 1371 1129 1439 qui,
1168 1373 1229 1422 ut
1266 1371 1559 1422 maximam
1598 1389 1750 1423 suam

101 1444 400 1497 doctrinam
440 1447 832 1511 expromerent,
886 1462 970 1496 res
1010 1444 1278 1496 inauditas
1320 1447 1373 1496 et
1411 1445 1750 1497 incredibiles

101 1518 380 1586 finxerint,
426 1518 592 1570 libros
634 1521 687 1569 et
726 1521 970 1570 auctores
1012 1518 1101 1587 qui
1141 1537 1437 1587 numquam
1477 1519 1751 1570 extiterint

101 1592 276 1645 fontes
316 1609 432 1643 esse
474 1592 856 1644 simulaverint.
932 1590 1120 1661 Neque
1150 1611 1369 1660 prorsus
1395 1593 1616 1644 dubium
1656 1595 1751 1660 est,

99 1666 230 1736 quin
270 1667 430 1717 etiam
470 1666 755 1733 Antipater
779 1666 1100 1732 AcanthiUS,
1142 1665 1204 1718 de
1231 1684 1336 1735 quo
1360 1667 1496 1718 nihil
1522 1667 1750 1735 amplius

100 1740 321 1807 scimus,
377 1758 408 1791 a
446 1739 759 1792 Ptolomaeo
802 1740 867 1792 acl
909 1758 1028 1792 eum
1075 1740 1239 1792 finem
1285 1740 1443 1792 fictus
1500 1741 1591 1806 sit,
1646 1758 1750 1810 quo

99 1814 270 1866 tutius
322 1814 421 1865 sub
472 1814 573 1866 hoc
623 1815 840 1866 nomine
893 1814 1221 1866 mentiretur.
1301 1813 1440 1876 Quid
1489 1814 1631 1866 enim
1671 1818 1754 1867 est

100 1887 243 1957 quod
282 1887 558 1940 contendit
594 1888 720 1939 ille‘?
799 1888 1022 1940 Iliadem
1062 1906 1183 1939 eum
1209 1889 1590 1956 conscripsisse
1615 1889 1752 1940 anti-

102 1962 342 2031 quiorem
383 1980 543 2030 quam
583 1960 820 2014 Homeri.
897 1962 982 2013 Ex
1022 1981 1127 2030 qua
1174 1962 1574 2030 comparatione
1612 1962 1753 2015 hanc

98 2054 171 2161 {¹3
175 2034 861 2178 ⁰32¹ssinff¹322⁰1¹12¹33¹511ffirss333
886 2036 1475 2162 ἑῗοῗὲἰὲἓῗὲζᾞῗὲῖῗὲ
1499 2036 1754 2162 133ῗέῗὲἒρ

100 2182 317 2234 dantem
357 2182 499 2250 facit,
540 2183 741 2235 scilicet
778 2201 846 2234 ne
884 2182 1191 2236 Patroclum
1230 2184 1572 2251 interficeret,
1614 2184 1755 2253 apud

101 2254 354 2308 Daretem
395 2274 551 2324 quem
591 2275 689 2308 nos
730 2257 988 2308 habemus
1029 2276 1139 2309 non
1178 2259 1455 2326 reperitur.

248 2328 713 2382 Verisimillimum
761 2334 842 2382 est
888 2330 1304 2383 Eustathium
1343 2331 1642 2383 Ptolomaei
1692 2331 1753 2383 li-

100 2404 258 2455 brum
313 2404 628 2472 cognovisse
684 2402 841 2473 atque
887 2405 1009 2456 inde
1058 2406 1349 2474 sumpsisse
1395 2405 1450 2456 id
1498 2406 1641 2475 quod
1688 2406 1756 2459 ad

111 2475 298 2545 Odyss.
337 2476 414 2528 XI
453 2497 502 2545 p.
547 2478 685 2530 1697
728 2479 956 2530 notavit:

252 2545 650 2620 »Ἀντίπατρος
675 2549 734 2603 δε
768 2548 796 2605 ὁ
818 2548 1116 2615 Ἀκάνθιός
1139 2567 1274 2620 φησι
1301 2551 1392 2604 καὶ
1431 2553 1505 2625 τῷ
1532 2549 1754 2622 Έκτορι

109 2620 342 2712 Δαρητα
385 2622 582 2693 Φρύγα
623 2626 865 2694 δοθῆναι
906 2624 1165 2695 μνήμονα
1212 2647 1285 2694 μη
1328 2622 1548 2679 ανελεῖν
1587 2630 1756 2695 φίλον

100 2698 205 2749 τοῦ
268 2692 552 2765 Ἀχιλλέως
614 2695 959 2762 ’Λπόλλωνος
1024 2701 1126 2753 τοῦ
1194 2703 1521 2769 Θυμβραίου
1590 2702 1755 2754 τοῦτο

229 2813 259 2870 ¹)
302 2813 419 2857 uber
458 2814 532 2858 die
579 2813 915 2882 Glaubwi'iidig
917 2817 1016 2860 keit
1055 2817 1136 2859 (101
1179 2830 1329 2860 neuen
1363 2817 1642 2862 Geschichte
1674 2818 1754 2862 des

102 2871 399 2988 {gglcpcrligeus
443 2872 678 2930 Chennus‚
726 2874 776 2918 in
806 2834 966 2919 Jahgnii
998 2875 1256 2920 Annalibus
1307 2881 1419 2921 1855
1463 2876 1624 2934 Suppl.
1658 2877 1756 2934 Ip.
