1956 3178
186 159 256 212 56

187 277 414 335 figuratus
445 278 565 322 bene
599 283 673 333 14,
703 282 756 321 15

186 337 371 381 firmare
394 350 560 394 pacem
587 335 712 380 inter
735 350 782 380 se
806 335 986 381 foedus·

186 410 349 499 sogdtes
374 401 560 498 1111611116
593 459 670 509 33,
696 459 752 497 22

186 513 402 557 funerare
444 515 652 557 mortuos
697 518 775 569 27,
814 518 868 557 15
915 518 986 569 28,

246 577 299 615 21
336 577 415 628 38,
442 578 498 616 20

188 631 354 676 Gerere
387 630 619 688 proelium
650 636 729 685 34,
758 636 811 675 16

186 690 389 746 gratiam
403 690 589 744 referre,
607 691 839 734 illecebras
859 695 987 746 12,20

185 748 306 792 Η100
339 752 387 793 et
417 749 526 793 inde
558 754 637 804 27,
665 754 690 792 9
724 754 802 803 28,
831 754 884 794 18

185 808 379 852 honesto
412 821 604 865 corpore
639 813 714 862 16,
740 813 796 852 20

185 866 472 922 horrescere,
505 868 658 911 timere
692 873 768 922 10,
798 872 848 910 11

186 926 392 982 hospitio
423 926 628 983 recipere
663 931 709 979 7,
737 931 758 969 1
795 931 873 982 21,
901 931 924 970 7

188 985 446 1041 Imperator
478 987 526 1029 et
556 985 648 1028 dux
683 990 759 1039 13,
785 989 839 1028 23

186 1043 404 1088 inaurata
434 1044 570 1101 pellis
603 1048 651 1098 2,
679 1049 702 1086 7
731 1049 782 1086 11

186 1103 426 1160 increpare
451 1102 827 1147 Andromacham
856 1107 933 1159 29,
960 1108 986 1146 6

246 1160 375 1205 facta
404 1166 482 1216 45,
510 1166 564 1205 15

188 1220 296 1264 inde
328 1234 357 1263 a
388 1219 601 1264 Troianis
636 1225 711 1274 13,
740 1225 792 1263 12

187 1280 468 1323 indicativus
485 1280 579 1324 loco
599 1279 901 1323 coniunctivi:
926 1278 986 1322 ab

247 1338 320 1382 his
361 1338 443 1395 qui
478 1352 582 1382 cum
614 1338 822 1383 exercitu
851 1351 987 1383 vene·

249 1399 356 1441 rant
407 1404 454 1452 6,
498 1402 551 1440 19
614 1396 990 1453 quia—occidit

249 1461 325 1509 26,
360 1461 385 1499 5
445 1470 499 1500 eo
539 1456 665 1512 quod
702 1456 992 1513 Polyxenam

246 1515 383 1559 valde
431 1515 623 1559 amabat
669 1520 747 1570 36,
781 1521 806 1559 6
869 1514 989 1559 sicut

246 1573 420 1618 Hector
442 1573 532 1618 fuit
556 1579 625 1629 36,
656 1579 708 1617 19
755 1573 879 1630 quod
904 1575 990 1617 Ar«

248 1632 347 1690 givi
370 1634 538 1689 petunt
561 1637 638 1686 37,
667 1638 720 1676 19
769 1631 894 1688 quod
918 1634 990 1677 est

249 1694 357 1736 ante
380 1693 565 1748 portam
588 1696 659 1746 40,
677 1697 734 1735 20
774 1690 990 1735 universa

250 1764 368 1806 quae
384 1750 533 1807 patris
551 1752 685 1794 erant
701 1755 773 1805 42,
787 1755 813 1793 9
848 1763 989 1805 quam

247 1812 382 1865 pater
398 1809 496 1853 eius
520 1809 611 1853 fuit
634 1814 704 1862 45,
725 1814 750 1853 6
788 1822 843 1852 ea
867 1822 988 1864 quae

247 1868 513 1913 Alexander
536 1868 797 1911 abstulerat
827 1872 906 1922 45,
933 1873 987 1911 10

250 1927 331 1983 qui
362 1940 527 1983 pacem
559 1928 807 1971 suaserunt
836 1931 907 1981 46,
933 1930 988 1970 14

248 1986 318 2030 ita
347 1986 420 2029 uti
451 1985 569 2030 solet
598 1990 677 2040 46,
703 1990 760 2029 20

189 2045 393 2089 indicere
430 2044 607 2088 bellum
647 2043 788 2088 alicui
830 2049 905 2099 13,
934 2049 987 2088 19

251 2109 326 2159 22,
352 2109 378 2148 8

189 2163 395 2206 indutias
440 2163 599 2218 petere
645 2161 880 2206 mensibus
923 2161 987 2205 VI

249 2226 325 2276 28,
354 2226 406 2264 15
459 2220 660 2277 triginta
697 2220 876 2264 dierum
916 2225 986 2275 28,

250 2285 304 2323 21
349 2280 402 2323 in
444 2279 559 2324 duos
597 2292 777 2323 menses
816 2284 894 2334 35,
932 2283 988 2322 25

189 2398 449 2452 infinitivus
457 2401 565 2453 post
581 2397 815 2453 complura
830 2397 989 2440 verba:

250 2456 391 2500 duces
435 2457 485 2500 in
538 2469 749 2523 pugnam
801 2454 989 2512 prodire

251 2515 406 2572 coegit
430 2520 507 2570 27,
534 2519 557 2557 7
605 2513 810 2558 militum
834 2513 989 2557 multi-

249 2574 462 2618 tudinem
496 2549 567 2617 ’ibi
605 2586 706 2617 esse
744 2571 857 2616 fecit
887 2577 935 2627 6,
961 2577 987 2615 9

250 2632 287 2676 si
305 2633 378 2676 cui
395 2631 666 2688 displiceret
687 2631 864 2675 bellum
887 2629 990 2687 geri

253 2697 329 2744 10,
365 2697 417 2735 13
471 2691 675 2747 imperat
717 2689 871 2733 dicere
916 2694 986 2744 36,

253 2755 307 2793 14
325 2755 395 2803 37,
417 2754 470 2794 18
503 2763 609 2793 eum
624 2761 843 2793 revocare
859 2761 987 2791 man-

251 2807 334 2852 dat
394 2813 472 2863 29,
521 2813 577 2850 14
650 2807 836 2863 placere
898 2805 989 2850 sibi

249 2866 567 2910 Alexandrum
632 2865 682 2909 in
743 2865 987 2909 Graeciam

250 2924 379 2968 mitti
412 2930 488 2981 10,
516 2930 539 2968 7
596 2923 812 2968 omnibus
842 2923 987 2979 placi·

691 159 885 205 INDEX
917 159 1322 206 LATINITATIS.

1092 281 1195 323 tum
1223 279 1296 323 est
1324 276 1532 323 indutias
1565 278 1675 324 dare
1707 285 1778 335 28,
1803 285 1834 325 2

1093 337 1308 381 omnibus
1324 337 1553 395 placitum
1568 339 1640 382 est
1663 337 1831 384 debere

1093 396 1195 440 fieri
1241 401 1318 453 37,
1362 402 1415 441 18
1484 397 1713 454 placitum
1758 400 1832 442 est

1095 455 1280 512 signum
1320 455 1446 513 exigi
1491 461 1570 512 48,
1603 461 1629 500 6
1669 456 1832 514 (placi-
1892 463 1895 466 “

1093 517 1196 558 tum
1226 516 1298 558 est
1327 516 1383 558 ut
1419 513 1534 558 fides
1567 518 1835 560 servaretur

1092 578 1172 628 48,
1213 578 1238 616 3
1290 577 1361 630 12)
1404 575 1574 630 rogant
1629 587 1736 618 eum
1781 573 1831 618 in

1094 631 1289 676 consilio
1322 645 1422 676 esse
1458 637 1536 688 23,
1564 637 1617 676 13
1663 636 1833 690 rogent

1093 705 1200 735 eum
1223 691 1273 735 in
1295 690 1472 735 bellum
1502 690 1691 748 prodire
1715 696 1785 747 36,
1803 696 1833 736 3

1092 749 1266 794 Hector
1289 749 1467 794 bellum
1486 749 1588 807 geri
1603 749 1836 795 suadebat

1093 814 1141 863 9,
1170 814 1226 853 20
1271 808 1545 853 Palamedes
1586 809 1753 854 suadet
1783 811 1836 854 et

1091 867 1323 912 rationem
1383 867 1562 919 reddit,
1604 868 1710 912 luce
1759 867 1831 912 ‘in

1094 926 1283 971 Troiam
1347 925 1661 971 escensionem
1730 926 1832 971 fieri

1092 986 1306 1042 oportere
1335 989 1496 1036 23,15
1543 985 1696 1030 dicere
1727 998 1830 1030 sua·

1093 1044 1174 1088 det
1196 1049 1349 1099 35,14
1392 1043 1572 1087 bellum
1603 1043 1714 1112 geri
1728 1057 1832 1088 sua-

1093 1103 1237 1147 debat
1259 1107 1337 1157 36,
1362 1107 1418 1146 23
1443 1106 1522 1146 etc.
1568 1102 1718 1147 videri
1740 1101 1832 1148 sibi

1093 1161 1385 1206 exercitum
1371 1176 1421 1205 1n
1438 1159 1683 1206 Graeciam
1702 1160 1833 1205 mitti

1093 1226 1141 1276 8,
1170 1226 1223 1264 12

1033 1279 1245 1338 ingerere
1276 1278 1403 1323 mala
1434 1278 1576 1324 alicui
1607 1284 1686 1335 46,
1714 1283 1737 1325 l

1033 1338 1269 1395 inpatiens
1304 1344 1380 1394 16,
1406 1343 1460 1382 21

1033 1398 1257 1454 inponere
1280 1397 1331 1441 in
1354 1410 1521 1441 navem
1546 1401 1594 1453 3,
1621 1401 1671 1440 11
1709 1401 1778 1451 13,
1803 1401 1832 1440 2

1034 1456 1371 1513 inpressionem
1385 1455 1538 1501 facere
1559 1455 1609 1499 10
1625 1455 1833 1513 aliquem

1094 1520 1172 1570 34,
1200 1521 1253 1559 12
1279 1520 1333 1559 21
1368 1520 1446 1571 37,
1473 1520 1498 1558 9
1531 1519 1608 1558 etc.

1034 1573 1358 1631 inprudentes,
1389 1575 1537 1618 securi
1569 1579 1615 1629 5,
1643 1578 1697 1617 12

1034 1633 1200 1677 inrisui
1228 1633 1402 1678 habere
1435 1638 1482 1688 8,
1510 1638 1566 1677 14

1034 1691 1351 1749 inruptionem
1381 1691 1534 1736 facere
1566 1695 1644 1746 45,
1671 1695 1727 1735 16

1033 1750 1289 1806 insinuare,
1320 1751 1529 1794 indicare
1560 1755 1638 1805 22,
1665 1754 1723 1793 14

1034 1809 1295 1853 instaurare
1326 1824 1512 1853 murum
1544 1814 1620 1862 32,
1647 1813 1706 1853 20

1033 1868 1280 1912 instructio
1313 1868 1541 1912 exercitus
1574 1871 1650 1922 25,
1679 1872 1736 1912 17

1032 1926 1258 1970 insultare
1291 1926 1433 1970 alicui
1463 1931 1540 1982 39,
1566 1931 1594 1969 4

1033 1985 1237 2042 insurgit
1266 1985 1495 2042 proelium
1527 1989 1606 2039 34,
1634 1989 1687 2028 13

1033 2043 1307 2101 intellegere
1343 2043 1633 2098 voluntates,
1673 2055 1836 2100 coquo·

1091 2115 1210 2146 scere
1238 2103 1483 2146 sententias
1515 2107 1563 2157 5,
1590 2107 1614 2145 1

1032 2161 1359 2218 intellegentia
1367 2174 1451 2205 sua
1460 2160 1663 2217 aliquem
1671 2159 1836 2205 iuvare

1034 2279 1133 2323 sine
1156 2278 1499 2323 intermissione
1523 2282 1592 2332 27,
1613 2281 1666 2321 12
1699 2282 1777 2332 39,
1802 2281 1833 2321 4

1034 2338 1325 2381 interventus
1356 2337 1550 2380 alicuius
1581 2342 1660 2390 39,
1687 2341 1740 2380 19

1034 2395 1210 2440 intrare
1240 2395 1289 2439 in
1320 2397 1506 2452 portum
1539 2401 1586 2451 3,
1611 2400 1665 2438 21

1034 2454 1256 2499 invadere
1285 2454 1448 2498 fanum
1481 2458 1557 2507 12,
1582 2459 1638 2498 23

1034 2513 1257 2557 iracunde
1281 2511 1460 2557 saevire
1484 2517 1554 2566 39,
1577 2517 1602 2555 3
1648 2510 1835 2556 iracun-

1095 2571 1207 2615 dum
1235 2571 1464 2628 proelium
1495 2575 1573 2625 24,
1602 2575 1655 2614 18

1035 2630 1224 2674 iubatus
1259 2635 1334 2684 16,
1363 2635 1417 2672 10

1033 2688 1192 2733 iubere
1210 2687 1351 2731 alicui
1374 2692 1445 2742 45,
1463 2692 1489 2730 2
1517 2686 1742 2744 praedam
1756 2699 1829 2730 re·

1092 2746 1357 2803 ponendam
1371 2750 1440 2799 50,
1452 2751 1477 2790 6
1499 2746 1710 2802 (classem
1723 2758 1832 2790 con-

1091 2804 1350 2862 parandam
1358 2805 1664 2849 decreverunt
1675 2809 1742 2859 13,
1752 2805 1830 2860 23)

1033 2863 1303 2908 Lamentari
1327 2863 1530 2919 aliquem
1547 2868 1617 2917 30,
1634 2867 1688 2906 16
1712 2866 1782 2916 35,
1801 2867 1831 2905 6

1032 2923 1081 2967 in
1097 2922 1385 2967 latinitatem
1408 2922 1719 2966 transvertere
1744 2925 1783 2975 1,
1801 2925 1833 2964 8
