1956 3178
182 160 214 208 6
729 158 990 204 DARETIS
1022 158 1275 204 PHRYGII

179 297 415 332 sororem
454 279 594 331 dono
635 279 839 347 datam,
879 279 1112 348 graviter
1141 280 1266 332 tulit
1295 283 1408 332 tam
1441 282 1823 335 contumeliose

177 353 466 423 Phrygiam
512 355 799 404 tractatam
845 369 960 404 esse
1009 371 1040 404 a
1087 351 1266 421 Grais,
1320 353 1479 407 Ilium
1518 354 1654 423 petit
1699 373 1822 408 cum

176 443 338 478 uxore
369 425 592 478 Hecuba
632 429 684 478 et
722 425 903 478 liberis
935 425 1166 478 Hectore
1197 425 1504 480 Alexandro
1537 426 1821 497 Deiphobo

175 499 382 552 Heleno
409 499 588 552 Troilo
617 498 998 552 Andromacha
1030 498 1332 553 Cassandra
1354 499 1639 570 Polyxena.
1691 519 1819 554 nam

132 586 151 617 5
176 576 330 625 erant
368 573 416 624 ei
456 572 616 625 etiam
650 572 741 625 alii
779 573 877 625 filii
916 591 979 625 ex
1019 573 1329 627 concubinis
1359 575 1496 642 nati,
1536 575 1628 628 sed
1660 592 1821 628 nemo

103 675 108 679 -
176 665 238 698 ex
278 647 425 715 regio
466 663 658 715 genere
698 646 832 698 dixit
867 663 981 699 esse
1020 647 1125 699 nisi
1165 664 1255 700 eos
1296 648 1387 717 qui
1427 651 1606 701 essent
1643 665 1707 700 ex
1744 649 1816 700 le-

176 720 378 789 gitimis
417 720 686 772 uxoribus.
762 719 1008 773 Priamus
1048 724 1108 772 ut
1146 720 1303 773 Ilium
1341 722 1509 790 venit,
1558 721 1819 790 ampliora

174 793 386 846 moenia
425 793 678 861 extruxit,
716 793 986 846 civitatem
1030 789 1446 847 munitissimam
1485 795 1727 848 reddidit.
1766 798 1821 847 et

173 867 404 919 militum
443 866 842 919 multitudinem
880 867 956 919 ibi
995 884 1110 919 esse
1148 867 1295 936 fecit,
1333 886 1401 920 ne
1439 885 1535 936 per
1564 868 1820 937 ignoran-

109 953 151 984 10
174 940 306 992 tiam
354 940 766 1008 opprimeretur,
811 940 888 993 ita
939 944 999 992 ut
1036 939 1343 994 Laomedon
1382 945 1534 1009 pater
1573 941 1685 994 eius
1725 959 1818 1010 op—

173 1031 388 1082 pressus
440 1016 534 1065 est.
607 1013 811 1082 regiam
863 1031 1072 1082 quoque
1122 1013 1417 1070 aedificavit
1455 1018 1509 1067 et
1545 1014 1621 1066 ibi
1668 1032 1817 1067 aram

172 1087 288 1139 Iovi
329 1089 667 1155 statuamque
706 1087 1049 1139 consecravit.
1114 1085 1402 1140 Hectorem
1439 1087 1497 1139 in
1524 1085 1818 1140 Paeoniam

173 1160 342 1228 misit,
388 1159 488 1212 Ilio
536 1162 720 1227 portas
765 1159 915 1227 fecit,
962 1178 1186 1229 quarum
1232 1160 1454 1213 nomina
1493 1164 1620 1213 sunt
1659 1160 1816 1214 haec:

172 1234 484 1286 Antenorea
528 1232 803 1285 Dardania
848 1232 950 1285 Ilia
997 1231 1161 1286 Scaea
1207 1233 1544 1303 Thymbraea
1582 1233 1818 1287 Troiana

107 1320 148 1351 15
174 1311 227 1359 et
264 1309 553 1376 postquam
591 1306 750 1359 Ilium
793 1306 1090 1359 stabilitum
1128 1307 1282 1375 vidit,
1321 1310 1533 1376 tempus
1573 1311 1815 1376 expecta-

171 1381 261 1432 vit.
339 1383 399 1432 ut
436 1380 609 1432 visum
650 1383 732 1432 est
770 1380 818 1432 ei
857 1380 1079 1433 iniurias
1118 1381 1287 1449 patris
1331 1381 1536 1450 ulcisci,
1573 1380 1817 1434 Anteno—

171 1471 284 1505 rem
314 1453 494 1506 vocari
533 1453 681 1506 iubet
720 1453 951 1522 dicitque
991 1454 1039 1506 ei
1077 1454 1211 1506 velle
1245 1471 1299 1506 se
1330 1471 1445 1507 eum
1482 1455 1718 1524 legatum
1755 1453 1812 1507 in

172 1526 446 1579 Graeciam
478 1527 713 1580 mittere:
755 1544 943 1596 graves
977 1527 1078 1580 sibi
1101 1527 1324 1580 iniurias
1355 1528 1422 1580 ab
1454 1527 1538 1580 his
1571 1527 1661 1597 qui
1693 1545 1813 1580 cum

172 1600 404 1653 exercitu
451 1604 708 1652 venerant
744 1601 915 1654 factas
965 1601 1023 1653 in
1060 1600 1441 1654 Laomedontis
1478 1601 1647 1670 patris
1684 1618 1814 1654 nece

105 1688 147 1718 20
172 1677 226 1725 et
257 1673 574 1726 abductione
607 1673 899 1727 Hesionae:
933 1692 1068 1743 quae
1109 1675 1289 1727 omnia
1326 1678 1509 1727 tamen
1547 1692 1717 1744 aequo
1757 1692 1815 1727 se

171 1748 351 1800 animo
390 1765 696 1816 passurum,
735 1747 781 1799 ‘si
820 1746 1061 1800 Hesiona
1099 1748 1148 1800 ei
1186 1747 1450 1801 reddatur.

316 1819 382 1873 V,
443 1820 709 1889 Antenor,
742 1824 802 1873 ut
840 1820 1086 1873 Priamus
1125 1821 1432 1889 imperavit,
1470 1821 1651 1874 navim
1687 1839 1813 1874 con—

170 1894 374 1946 scendit
397 1897 451 1946 et
472 1894 741 1962 profectus
764 1894 911 1946 venit
933 1893 1267 1964 Magnesiam
1293 1895 1359 1947 ad
1383 1894 1623 1947 Peleum:
1653 1912 1811 1964 quem

289 2103 310 2140 1
346 2111 432 2142 sor.
466 2111 598 2142 suam
631 2098 673 2141 G
795 2103 819 2141 2
853 2111 881 2141 a
912 2098 1060 2155 grecis
1093 2110 1191 2142 esse
1224 2097 1266 2141 G
1372 2103 1396 2142 3
1430 2097 1638 2142 heccuba
1662 2097 1726 2152 G,
1757 2102 1813 2141 ‘ut

166 2158 258 2210 fere
289 2169 458 2212 semper
497 2159 502 2211 Ι
541 2156 801 2212 deiphoebo
836 2157 897 2200 M
956 2156 1185 2212 deiphebo
1226 2155 1268 2200 G
1306 2161 1356 2200 ut
1387 2158 1654 2212 plerumque
1780 2162 1812 2200 4

167 2215 393 2259 casandra
425 2214 466 2259 G
494 2219 499 2270 Ι
526 2214 745 2270 polixena
770 2216 832 2258 M
950 2220 975 2259 5
1009 2215 1052 2259 ei
1083 2228 1165 2259 om.
1202 2215 1264 2258 M
1287 2217 1292 2270 Ι
1321 2215 1402 2259 sed
1432 2229 1510 2260 eos
1535 2214 1578 2259 G
1637 2227 1716 2259 eos
1749 2215 1814 2262 M.

167 2279 192 2318 6
226 2273 360 2318 duxit
388 2273 434 2317 B
462 2274 468 2332 Ι
496 2273 585 2318 nisi
617 2286 694 2318 eos
728 2286 811 2318 om.
847 2273 889 2317 G
1011 2279 1034 2317 7
1066 2273 1256 2318 minime
1281 2287 1458 2318 moram
1488 2273 1601 2319 fecit
1631 2273 1735 2318 add.
1765 2273 1810 2317 G

157 2337 265 2388 post
296 2332 426 2377 uenit
545 2337 571 2377 8
605 2333 835 2376 exstruxit
858 2334 905 2377 et
929 2332 992 2376 M
1017 2334 1021 2386 Ι
1050 2332 1234 2376 addidit
1258 2333 1321 2376 M
1437 2338 1463 2377 9
1487 2332 1619 2376 mult.
1643 2331 1740 2376 mil.
1765 2331 1812 2376 G

169 2397 222 2436 10
255 2391 629 2448 opprimerentur
661 2391 704 2435 G
826 2396 879 2435 12
919 2391 1016 2435 10111
1055 2390 1221 2435 statori
1260 2404 1390 2434 aram
1423 2405 1547 2436 cons.
1587 2390 1630 2436 G
1657 2392 1663 2446 Ι
1689 2390 1812 2435 iouis

168 2450 230 2493 M
260 2452 266 2506 1
302 2450 551 2494 Hectorem
591 2463 673 2494 om.
709 2450 772 2493 M
798 2450 875 2494 sed
913 2455 976 2494 est
1011 2451 1180 2494 lacuna
1216 2451 1220 2505 Ι
1254 2449 1472 2506 poeniam
1512 2449 1555 2494 G
1621 2449 1810 2506 poemia

167 2509 230 2552 M
349 2514 401 2552 13
442 2509 556 2553 haec
590 2523 623 2553 s.
657 2522 779 2552 nom.
820 2508 862 2552 G
983 2513 1039 2552 14
1078 2507 1374 2552 antenoridas
1415 2509 1478 2552 M
1534 2506 1809 2552 antenoride

166 2567 207 2611 G
245 2569 250 2621 Ι
286 2567 567 2612 dardanidas
619 2567 682 2611 M
755 2565 1038 2611 dardanidae
1086 2566 1127 2610 G
1203 2566 1428 2610 dardania
1473 2566 1559 2622 F!
1595 2578 1700 2610 scea
1747 2565 1811 2609 M

165 2638 241 2669 sce
274 2625 316 2669 G
351 2627 356 2679 Ι
391 2625 583 2670 timbria
619 2627 682 2670 M
738 2625 943 2682 tymbria
979 2625 1021 2670 G
1080 2625 1280 2669 timbrea
1309 2624 1362 2668 F
1479 2630 1532 2669 15
1572 2624 1638 2682 et]
1679 2623 1806 2668 deni-

166 2697 255 2739 que
288 2684 331 2728 G
454 2690 507 2728 16
539 2687 635 2740 pat.
668 2684 748 2728 ini.
782 2683 824 2729 G
946 2688 999 2727 17
1032 2697 1137 2727 eum
1169 2696 1252 2727 om.
1286 2683 1395 2727 libri
1418 2684 1523 2728 add.
1550 2683 1808 2728 Meree‘rius

167 2747 220 2787 18
253 2746 306 2786 ut
338 2756 442 2786 cum
476 2743 537 2786 M
545 2742 588 2787 G
612 2744 717 2803 add.
743 2746 847 2787 a‘nte
878 2755 1059 2799 graves,
1091 2742 1255 2786 ibidem
1287 2741 1392 2786 add.
1418 2743 1472 2786 ut
1495 2745 1806 2798 conqueratur

165 2802 268 2844 edit.
304 2801 452 2845 Venet.
482 2807 593 2846 1499
713 2807 764 2846 19
789 2801 938 2845 factas
961 2800 1010 2844 in
1027 2813 1108 2845 om.
1129 2799 1170 2844 G
1283 2804 1340 2844 20
1367 2799 1621 2845 Hessionae
1637 2801 1694 2844 .et
1710 2800 1771 2844 M
1793 2799 1800 2857 Ι

162 2859 394 2903 Hesionae
439 2861 579 2917 quae]
625 2860 794 2904 sororis
843 2859 1113 2915 pertulisset
1149 2858 1190 2902 G
1230 2860 1234 2911 Ι
1273 2863 1430 2903 tamen
1471 2872 1554 2904 om.
1592 2859 1655 2903 M
1695 2857 1800 2902 add.

156 2922 264 2973 post
295 2918 339 2961 ei
459 2923 512 2961 21
547 2918 817 2962 redderetur
849 2918 891 2962 G
1011 2923 1065 2962 23
1099 2917 1355 2961 manesiam
1389 2918 1460 2961 M.
