<?xml version="1.0" encoding="UTF-8"?>
<!DOCTYPE html PUBLIC "-//W3C//DTD XHTML 1.0 Transitional//EN"
    "http://www.w3.org/TR/xhtml1/DTD/xhtml1-transitional.dtd">
<html xmlns="http://www.w3.org/1999/xhtml" xml:lang="en" lang="en">
 <head>
  <title>
</title>
<meta http-equiv="Content-Type" content="text/html;charset=utf-8" />
  <meta name='ocr-system' content='tesseract 3.04.00' />
  <meta name='ocr-capabilities' content='ocr_page ocr_carea ocr_par ocr_line ocrx_word'/>
</head>
<body>
  <div class='ocr_page' id='page_1' title='image "./dictyscretensise00dictuoft_0232.png"; bbox 0 0 1956 3178; ppageno 0'>
   <div class='ocr_carea' id='block_1_1' title="bbox 106 940 145 969">
    <p class='ocr_par' dir='ltr' id='par_1_1' title="bbox 106 940 145 969">
     <span class='ocr_line' id='line_1_1' title="bbox 106 940 145 969; baseline 0.026 -1"><span class='ocrx_word' id='word_1_1' title='bbox 106 940 145 969; x_wconf 71' lang='lat'>10</span> 
     </span>
    </p>
   </div>
   <div class='ocr_carea' id='block_1_2' title="bbox 111 1306 148 1334">
    <p class='ocr_par' dir='ltr' id='par_1_2' title="bbox 111 1306 148 1334">
     <span class='ocr_line' id='line_1_2' title="bbox 111 1306 148 1334; baseline -0.081 1"><span class='ocrx_word' id='word_1_2' title='bbox 111 1306 148 1334; x_wconf 65' lang='lat'>15,</span> 
     </span>
    </p>
   </div>
   <div class='ocr_carea' id='block_1_3' title="bbox 165 132 1238 200">
    <p class='ocr_par' dir='ltr' id='par_1_3' title="bbox 165 132 1238 200">
     <span class='ocr_line' id='line_1_3' title="bbox 165 132 1238 200; baseline -0.001 -14"><span class='ocrx_word' id='word_1_3' title='bbox 165 145 202 194; x_wconf 88' lang='lat'>4</span> <span class='ocrx_word' id='word_1_4' title='bbox 687 142 952 186; x_wconf 81' lang='lat' dir='ltr'>DARETIS</span> <span class='ocrx_word' id='word_1_5' title='bbox 983 132 1238 200; x_wconf 74' lang='lat' dir='ltr'>PHRYGH</span> 
     </span>
    </p>
   </div>
   <div class='ocr_carea' id='block_1_4' title="bbox 167 261 1815 625">
    <p class='ocr_par' dir='ltr' id='par_1_4' title="bbox 167 261 1815 625">
     <span class='ocr_line' id='line_1_4' title="bbox 168 261 1815 331; baseline 0.001 -16"><span class='ocrx_word' id='word_1_6' title='bbox 168 282 289 315; x_wconf 78' lang='lat' dir='ltr'>cum</span> <span class='ocrx_word' id='word_1_7' title='bbox 328 281 410 316; x_wconf 64' lang='lat' dir='ltr'>eo&#39;</span> <span class='ocrx_word' id='word_1_8' title='bbox 430 265 687 315; x_wconf 86' lang='lat' dir='ltr'>venera-nt</span> <span class='ocrx_word' id='word_1_9' title='bbox 726 262 958 331; x_wconf 84' lang='lat' dir='ltr'>graviter</span> <span class='ocrx_word' id='word_1_10' title='bbox 995 261 1235 314; x_wconf 85' lang='lat' dir='ltr'>tulerunt</span> <span class='ocrx_word' id='word_1_11' title='bbox 1273 262 1642 315; x_wconf 86' lang='lat' dir='ltr'>crudelitatem</span> <span class='ocrx_word' id='word_1_12' title='bbox 1677 263 1815 316; x_wconf 82' lang='lat' dir='ltr'>Lao·</span> 
     </span>
     <span class='ocr_line' id='line_1_5' title="bbox 167 335 1814 404; baseline 0.001 -16"><span class='ocrx_word' id='word_1_13' title='bbox 167 337 433 390; x_wconf 86' lang='lat' dir='ltr'>medontis</span> <span class='ocrx_word' id='word_1_14' title='bbox 474 337 549 389; x_wconf 94' lang='grc'>816</span> <span class='ocrx_word' id='word_1_15' title='bbox 590 353 644 388; x_wconf 92' lang='grc'>86</span> <span class='ocrx_word' id='word_1_16' title='bbox 685 335 752 388; x_wconf 87' lang='lat' dir='ltr'>ab</span> <span class='ocrx_word' id='word_1_17' title='bbox 786 352 848 388; x_wconf 92' lang='lat' dir='ltr'>eo</span> <span class='ocrx_word' id='word_1_18' title='bbox 887 335 1129 404; x_wconf 86' lang='lat' dir='ltr'>tractari,</span> <span class='ocrx_word' id='word_1_19' title='bbox 1168 353 1287 388; x_wconf 91' lang='lat' dir='ltr'>cum</span> <span class='ocrx_word' id='word_1_20' title='bbox 1322 335 1471 388; x_wconf 91' lang='lat' dir='ltr'>nulla</span> <span class='ocrx_word' id='word_1_21' title='bbox 1509 337 1576 388; x_wconf 91' lang='lat' dir='ltr'>ab</span> <span class='ocrx_word' id='word_1_22' title='bbox 1616 339 1691 389; x_wconf 91' lang='lat' dir='ltr'>eis</span> <span class='ocrx_word' id='word_1_23' title='bbox 1729 337 1814 389; x_wconf 81' lang='lat' dir='ltr'>in-</span> 
     </span>
     <span class='ocr_line' id='line_1_6' title="bbox 167 409 1815 463; baseline 0 -1"><span class='ocrx_word' id='word_1_24' title='bbox 167 412 306 463; x_wconf 84' lang='lat' dir='ltr'>iuria</span> <span class='ocrx_word' id='word_1_25' title='bbox 344 411 487 462; x_wconf 87' lang='lat' dir='ltr'>facta</span> <span class='ocrx_word' id='word_1_26' title='bbox 526 412 679 462; x_wconf 88' lang='lat' dir='ltr'>esset.</span> <span class='ocrx_word' id='word_1_27' title='bbox 758 409 915 461; x_wconf 89' lang='lat' dir='ltr'>simul</span> <span class='ocrx_word' id='word_1_28' title='bbox 952 409 1219 461; x_wconf 72' lang='lat' dir='ltr'>timebant</span> <span class='ocrx_word' id='word_1_29' title='bbox 1258 409 1655 462; x_wconf 77' lang='lat' dir='ltr'><strong>multitudinem</strong></span> <span class='ocrx_word' id='word_1_30' title='bbox 1693 410 1815 462; x_wconf 86' lang='lat' dir='ltr'>bar-</span> 
     </span>
     <span class='ocr_line' id='line_1_7' title="bbox 168 482 1815 552; baseline -0.001 -15"><span class='ocrx_word' id='word_1_31' title='bbox 168 486 440 552; x_wconf 81' lang='lat' dir='ltr'>barorum,</span> <span class='ocrx_word' id='word_1_32' title='bbox 489 483 534 535; x_wconf 89' lang='lat' dir='ltr'>si</span> <span class='ocrx_word' id='word_1_33' title='bbox 574 485 761 536; x_wconf 88' lang='lat' dir='ltr'>contra</span> <span class='ocrx_word' id='word_1_34' title='bbox 806 482 1090 551; x_wconf 89' lang='lat' dir='ltr'>imperium</span> <span class='ocrx_word' id='word_1_35' title='bbox 1129 485 1449 535; x_wconf 77' lang='lat' dir='ltr'>conarentur</span> <span class='ocrx_word' id='word_1_36' title='bbox 1485 501 1815 551; x_wconf 83' lang='lat' dir='ltr'>permanere,</span> 
     </span>
     <span class='ocr_line' id='line_1_8' title="bbox 169 556 1815 625; baseline 0 -15"><span class='ocrx_word' id='word_1_37' title='bbox 169 576 236 610; x_wconf 89' lang='lat' dir='ltr'>ne</span> <span class='ocrx_word' id='word_1_38' title='bbox 288 558 738 625; x_wconf 85' lang='lat' dir='ltr'>obprimerentur‚</span> <span class='ocrx_word' id='word_1_39' title='bbox 796 573 916 609; x_wconf 91' lang='lat' dir='ltr'>cum</span> <span class='ocrx_word' id='word_1_40' title='bbox 965 556 1069 624; x_wconf 90' lang='lat' dir='ltr'>ipsi</span> <span class='ocrx_word' id='word_1_41' title='bbox 1118 573 1230 608; x_wconf 93' lang='lat' dir='ltr'>non</span> <span class='ocrx_word' id='word_1_42' title='bbox 1285 559 1464 608; x_wconf 79' lang='lat' dir='ltr'>essent</span> <span class='ocrx_word' id='word_1_43' title='bbox 1512 557 1688 625; x_wconf 89' lang='lat' dir='ltr'>parati</span> <span class='ocrx_word' id='word_1_44' title='bbox 1745 557 1815 610; x_wconf 87' lang='lat' dir='ltr'>ad</span> 
     </span>
    </p>
   </div>
   <div class='ocr_carea' id='block_1_5' title="bbox 100 629 1812 699">
    <p class='ocr_par' dir='ltr' id='par_1_5' title="bbox 100 629 1812 699">
     <span class='ocr_line' id='line_1_9' title="bbox 100 629 1812 699; baseline 0.001 -18"><span class='ocrx_word' id='word_1_45' title='bbox 100 678 104 681; x_wconf 87' lang='lat'>.</span> <span class='ocrx_word' id='word_1_46' title='bbox 169 631 564 699; x_wconf 86' lang='lat' dir='ltr'>proeliandum:</span> <span class='ocrx_word' id='word_1_47' title='bbox 610 630 792 682; x_wconf 84' lang='lat' dir='ltr'>navim</span> <span class='ocrx_word' id='word_1_48' title='bbox 840 629 1262 682; x_wconf 88' lang='lat' dir='ltr'>conscenderunt</span> <span class='ocrx_word' id='word_1_49' title='bbox 1301 633 1354 682; x_wconf 90' lang='lat' dir='ltr'>et</span> <span class='ocrx_word' id='word_1_50' title='bbox 1393 649 1424 682; x_wconf 87' lang='lat' dir='ltr'>a</span> <span class='ocrx_word' id='word_1_51' title='bbox 1464 634 1608 683; x_wconf 84' lang='lat' dir='ltr'>terra</span> <span class='ocrx_word' id='word_1_52' title='bbox 1644 648 1812 683; x_wconf 88' lang='lat' dir='ltr'>reces-</span> 
     </span>
    </p>
   </div>
   <div class='ocr_carea' id='block_1_6' title="bbox 171 703 1890 1654">
    <p class='ocr_par' dir='ltr' id='par_1_6' title="bbox 171 703 1817 831">
     <span class='ocr_line' id='line_1_10' title="bbox 171 703 1817 772; baseline -0.001 -15"><span class='ocrx_word' id='word_1_53' title='bbox 171 708 376 772; x_wconf 83' lang='lat' dir='ltr'>serunt,</span> <span class='ocrx_word' id='word_1_54' title='bbox 435 703 663 757; x_wconf 81' lang='lat' dir='ltr'>Colchos</span> <span class='ocrx_word' id='word_1_55' title='bbox 716 703 944 772; x_wconf 85' lang='lat' dir='ltr'>profecti</span> <span class='ocrx_word' id='word_1_56' title='bbox 998 707 1144 772; x_wconf 83' lang='lat' dir='ltr'>sunt,</span> <span class='ocrx_word' id='word_1_57' title='bbox 1205 704 1398 771; x_wconf 89' lang='lat' dir='ltr'>pellem</span> <span class='ocrx_word' id='word_1_58' title='bbox 1465 704 1817 772; x_wconf 83' lang='lat' dir='ltr'>abstulerunt,</span> 
     </span>
     <span class='ocr_line' id='line_1_11' title="bbox 171 777 803 831; baseline -0.002 -1"><span class='ocrx_word' id='word_1_59' title='bbox 171 779 386 831; x_wconf 90' lang='lat' dir='ltr'>domum</span> <span class='ocrx_word' id='word_1_60' title='bbox 425 777 622 830; x_wconf 88' lang='lat' dir='ltr'>reversi</span> <span class='ocrx_word' id='word_1_61' title='bbox 661 779 803 829; x_wconf 86' lang='lat' dir='ltr'>sunt.</span> 
     </span>
    </p>

    <p class='ocr_par' dir='ltr' id='par_1_7' title="bbox 171 850 1890 1654">
     <span class='ocr_line' id='line_1_12' title="bbox 318 850 1818 920; baseline -0.001 -16"><span class='ocrx_word' id='word_1_62' title='bbox 318 851 415 904; x_wconf 93' lang='grc' dir='ltr'>ΙΠ.</span> <span class='ocrx_word' id='word_1_63' title='bbox 491 850 749 903; x_wconf 84' lang='grc' dir='ltr'><strong>Η61611168</strong></span> <span class='ocrx_word' id='word_1_64' title='bbox 790 850 1024 920; x_wconf 85' lang='lat' dir='ltr'>graviter</span> <span class='ocrx_word' id='word_1_65' title='bbox 1061 851 1187 902; x_wconf 91' lang='lat' dir='ltr'>tulit</span> <span class='ocrx_word' id='word_1_66' title='bbox 1226 870 1258 902; x_wconf 89' lang='lat' dir='ltr'>a</span> <span class='ocrx_word' id='word_1_67' title='bbox 1295 867 1420 919; x_wconf 86' lang='lat' dir='ltr'>rege</span> <span class='ocrx_word' id='word_1_68' title='bbox 1452 850 1818 919; x_wconf 83' lang='lat' dir='ltr'>Laomedonte</span> 
     </span>
     <span class='ocr_line' id='line_1_13' title="bbox 171 924 1818 993; baseline -0.002 -15"><span class='ocrx_word' id='word_1_69' title='bbox 171 925 554 978; x_wconf 78' lang='lat' dir='ltr'>contumeliose</span> <span class='ocrx_word' id='word_1_70' title='bbox 603 942 658 976; x_wconf 91' lang='lat' dir='ltr'>se</span> <span class='ocrx_word' id='word_1_71' title='bbox 704 926 995 976; x_wconf 89' lang='lat' dir='ltr'>tractatum</span> <span class='ocrx_word' id='word_1_72' title='bbox 1048 927 1102 976; x_wconf 88' lang='lat' dir='ltr'>et</span> <span class='ocrx_word' id='word_1_73' title='bbox 1145 941 1236 977; x_wconf 92' lang='lat' dir='ltr'>eos</span> <span class='ocrx_word' id='word_1_74' title='bbox 1291 925 1381 993; x_wconf 90' lang='lat' dir='ltr'>qui</span> <span class='ocrx_word' id='word_1_75' title='bbox 1434 943 1542 976; x_wconf 88' lang='lat' dir='ltr'>una</span> <span class='ocrx_word' id='word_1_76' title='bbox 1590 924 1818 993; x_wconf 86' lang='lat' dir='ltr'>profecti</span> 
     </span>
     <span class='ocr_line' id='line_1_14' title="bbox 172 996 1819 1065; baseline -0.001 -14"><span class='ocrx_word' id='word_1_77' title='bbox 172 1002 338 1051; x_wconf 59' lang='lat' dir='ltr'>erant*</span> <span class='ocrx_word' id='word_1_78' title='bbox 364 996 592 1051; x_wconf 84' lang='lat' dir='ltr'>Colchos</span> <span class='ocrx_word' id='word_1_79' title='bbox 633 1016 753 1050; x_wconf 91' lang='lat' dir='ltr'>cum</span> <span class='ocrx_word' id='word_1_80' title='bbox 792 997 1007 1065; x_wconf 83' lang='lat' dir='ltr'>Iasone,</span> <span class='ocrx_word' id='word_1_81' title='bbox 1053 996 1303 1065; x_wconf 82' lang='lat' dir='ltr'>Spartam</span> <span class='ocrx_word' id='word_1_82' title='bbox 1343 998 1408 1049; x_wconf 89' lang='lat' dir='ltr'>ad</span> <span class='ocrx_word' id='word_1_83' title='bbox 1449 996 1726 1051; x_wconf 82' lang='lat' dir='ltr'>Castorem</span> <span class='ocrx_word' id='word_1_84' title='bbox 1764 1001 1819 1049; x_wconf 86' lang='lat' dir='ltr'>et</span> 
     </span>
     <span class='ocr_line' id='line_1_15' title="bbox 171 1071 1818 1139; baseline -0.001 -15"><span class='ocrx_word' id='word_1_85' title='bbox 171 1072 444 1124; x_wconf 83' lang='lat' dir='ltr'>Pollucem</span> <span class='ocrx_word' id='word_1_86' title='bbox 475 1071 644 1139; x_wconf 87' lang='lat' dir='ltr'>venit,</span> <span class='ocrx_word' id='word_1_87' title='bbox 685 1071 799 1139; x_wconf 82' lang='lat' dir='ltr'>agit</span> <span class='ocrx_word' id='word_1_88' title='bbox 831 1089 951 1123; x_wconf 90' lang='lat' dir='ltr'>cum</span> <span class='ocrx_word' id='word_1_89' title='bbox 989 1071 1096 1138; x_wconf 86' lang='lat' dir='ltr'>his,</span> <span class='ocrx_word' id='word_1_90' title='bbox 1134 1074 1197 1122; x_wconf 89' lang='lat' dir='ltr'>ut</span> <span class='ocrx_word' id='word_1_91' title='bbox 1228 1088 1407 1123; x_wconf 87' lang='lat' dir='ltr'>secum</span> <span class='ocrx_word' id='word_1_92' title='bbox 1441 1071 1818 1123; x_wconf 74' lang='lat' dir='ltr'>suas-iniurias</span> 
     </span>
     <span class='ocr_line' id='line_1_16' title="bbox 173 1143 1822 1213; baseline 0 -16"><span class='ocrx_word' id='word_1_93' title='bbox 173 1145 482 1213; x_wconf 85' lang='lat' dir='ltr'>defendant,</span> <span class='ocrx_word' id='word_1_94' title='bbox 527 1162 595 1196; x_wconf 93' lang='lat' dir='ltr'>ne</span> <span class='ocrx_word' id='word_1_95' title='bbox 634 1143 943 1196; x_wconf 87' lang='lat' dir='ltr'>Laomedon</span> <span class='ocrx_word' id='word_1_96' title='bbox 988 1145 1188 1212; x_wconf 91' lang='lat' dir='ltr'>inpune</span> <span class='ocrx_word' id='word_1_97' title='bbox 1239 1144 1399 1213; x_wconf 86' lang='lat' dir='ltr'>ferat,</span> <span class='ocrx_word' id='word_1_98' title='bbox 1446 1144 1588 1213; x_wconf 93' lang='lat' dir='ltr'>quod</span> <span class='ocrx_word' id='word_1_99' title='bbox 1625 1144 1747 1197; x_wconf 88' lang='lat' dir='ltr'>illos</span> <span class='ocrx_word' id='word_1_100' title='bbox 1787 1163 1822 1196; x_wconf 87' lang='lat' dir='ltr'>a</span> 
     </span>
     <span class='ocr_line' id='line_1_17' title="bbox 171 1217 1819 1287; baseline 0 -17"><span class='ocrx_word' id='word_1_101' title='bbox 171 1223 315 1271; x_wconf 83' lang='lat' dir='ltr'>terra</span> <span class='ocrx_word' id='word_1_102' title='bbox 347 1222 399 1270; x_wconf 92' lang='lat' dir='ltr'>et</span> <span class='ocrx_word' id='word_1_103' title='bbox 436 1221 596 1287; x_wconf 88' lang='lat' dir='ltr'>portu</span> <span class='ocrx_word' id='word_1_104' title='bbox 633 1217 1020 1286; x_wconf 82' lang='lat' dir='ltr'>prohibuisset:</span> <span class='ocrx_word' id='word_1_105' title='bbox 1061 1218 1259 1270; x_wconf 89' lang='lat' dir='ltr'>multos</span> <span class='ocrx_word' id='word_1_106' title='bbox 1294 1218 1563 1270; x_wconf 87' lang='lat' dir='ltr'>adiutores</span> <span class='ocrx_word' id='word_1_107' title='bbox 1593 1217 1819 1286; x_wconf 76' lang='lat' dir='ltr'>futuros,‚</span> 
     </span>
     <span class='ocr_line' id='line_1_18' title="bbox 176 1286 1866 1360; baseline -0.001 -16"><span class='ocrx_word' id='word_1_108' title='bbox 176 1293 219 1344; x_wconf 89' lang='lat' dir='ltr'>si</span> <span class='ocrx_word' id='word_1_109' title='bbox 261 1310 315 1344; x_wconf 88' lang='lat' dir='ltr'>se</span> <span class='ocrx_word' id='word_1_110' title='bbox 353 1291 863 1345; x_wconf 81' lang='lat' dir='ltr'>accommodassent.</span> <span class='ocrx_word' id='word_1_111' title='bbox 926 1289 1119 1344; x_wconf 86' lang='lat' dir='ltr'>Castor</span> <span class='ocrx_word' id='word_1_112' title='bbox 1156 1294 1210 1343; x_wconf 92' lang='lat' dir='ltr'>et</span> <span class='ocrx_word' id='word_1_113' title='bbox 1247 1290 1440 1344; x_wconf 85' lang='lat' dir='ltr'>Pollux</span> <span class='ocrx_word' id='word_1_114' title='bbox 1479 1291 1660 1344; x_wconf 92' lang='lat' dir='ltr'>omnia</span> <span class='ocrx_word' id='word_1_115' title='bbox 1697 1309 1819 1360; x_wconf 88' lang='lat' dir='ltr'>pro·</span> <span class='ocrx_word' id='word_1_116' title='bbox 1862 1286 1866 1291; x_wconf 72' lang='grc'><strong>’</strong></span> 
     </span>
     <span class='ocr_line' id='line_1_19' title="bbox 174 1363 1818 1433; baseline -0.001 -15"><span class='ocrx_word' id='word_1_117' title='bbox 174 1367 435 1418; x_wconf 81' lang='lat' dir='ltr'>miseiunt</span> <span class='ocrx_word' id='word_1_118' title='bbox 482 1383 537 1418; x_wconf 91' lang='lat' dir='ltr'>se</span> <span class='ocrx_word' id='word_1_119' title='bbox 583 1366 820 1418; x_wconf 89' lang='lat' dir='ltr'>facturos</span> <span class='ocrx_word' id='word_1_120' title='bbox 868 1383 1002 1433; x_wconf 92' lang='lat' dir='ltr'>quae</span> <span class='ocrx_word' id='word_1_121' title='bbox 1047 1363 1304 1417; x_wconf 90' lang='lat' dir='ltr'>Hercules</span> <span class='ocrx_word' id='word_1_122' title='bbox 1360 1365 1532 1417; x_wconf 87' lang='lat' dir='ltr'>vellet.</span> <span class='ocrx_word' id='word_1_123' title='bbox 1616 1365 1683 1417; x_wconf 88' lang='lat' dir='ltr'>ab</span> <span class='ocrx_word' id='word_1_124' title='bbox 1732 1365 1818 1416; x_wconf 83' lang='lat' dir='ltr'>his</span> 
     </span>
     <span class='ocr_line' id='line_1_20' title="bbox 177 1438 1890 1522; baseline -0.001 -31"><span class='ocrx_word' id='word_1_125' title='bbox 177 1439 504 1491; x_wconf 80' lang='lat' dir='ltr'>Salaminam</span> <span class='ocrx_word' id='word_1_126' title='bbox 526 1439 797 1507; x_wconf 87' lang='lat' dir='ltr'>profectus</span> <span class='ocrx_word' id='word_1_127' title='bbox 829 1438 897 1490; x_wconf 90' lang='lat' dir='ltr'>ad</span> <span class='ocrx_word' id='word_1_128' title='bbox 921 1438 1265 1490; x_wconf 86' lang='lat' dir='ltr'>Telamonem</span> <span class='ocrx_word' id='word_1_129' title='bbox 1297 1438 1464 1490; x_wconf 85' lang='lat' dir='ltr'>venit:</span> <span class='ocrx_word' id='word_1_130' title='bbox 1496 1441 1670 1522; x_wconf 79' lang='lat' dir='ltr'>rogat</span> <span class='ocrx_word' id='word_1_131' title='bbox 1683 1455 1819 1506; x_wconf 84' lang='lat' dir='ltr'>eum,</span> <span class='ocrx_word' id='word_1_132' title='bbox 1888 1474 1890 1477; x_wconf 31' lang='lat' dir='ltr'>v</span> 
     </span>
     <span class='ocr_line' id='line_1_21' title="bbox 175 1511 1822 1581; baseline -0.001 -17"><span class='ocrx_word' id='word_1_133' title='bbox 175 1517 235 1564; x_wconf 88' lang='lat' dir='ltr'>ut</span> <span class='ocrx_word' id='word_1_134' title='bbox 266 1530 445 1565; x_wconf 91' lang='grc'><strong>86611111</strong></span> <span class='ocrx_word' id='word_1_135' title='bbox 478 1513 545 1564; x_wconf 91' lang='lat' dir='ltr'>ad</span> <span class='ocrx_word' id='word_1_136' title='bbox 577 1512 794 1565; x_wconf 82' lang='lat' dir='ltr'>Troiam</span> <span class='ocrx_word' id='word_1_137' title='bbox 825 1516 933 1580; x_wconf 80' lang='lat' dir='ltr'>eat,</span> <span class='ocrx_word' id='word_1_138' title='bbox 970 1515 1033 1564; x_wconf 90' lang='lat' dir='ltr'>ut</span> <span class='ocrx_word' id='word_1_139' title='bbox 1072 1530 1196 1564; x_wconf 86' lang='lat' dir='ltr'>suas</span> <span class='ocrx_word' id='word_1_140' title='bbox 1236 1530 1558 1581; x_wconf 90' lang='lat' dir='ltr'>suorumque</span> <span class='ocrx_word' id='word_1_141' title='bbox 1596 1511 1822 1564; x_wconf 86' lang='lat' dir='ltr'>iniurias</span> 
     </span>
     <span class='ocr_line' id='line_1_22' title="bbox 177 1586 1819 1654; baseline -0.001 -16"><span class='ocrx_word' id='word_1_142' title='bbox 177 1586 442 1639; x_wconf 89' lang='lat' dir='ltr'>defendat.</span> <span class='ocrx_word' id='word_1_143' title='bbox 534 1586 793 1639; x_wconf 88' lang='lat' dir='ltr'>Telamon</span> <span class='ocrx_word' id='word_1_144' title='bbox 856 1586 1105 1654; x_wconf 88' lang='lat' dir='ltr'>promisit</span> <span class='ocrx_word' id='word_1_145' title='bbox 1159 1586 1407 1639; x_wconf 91' lang='lat' dir='ltr'>omnibus</span> <span class='ocrx_word' id='word_1_146' title='bbox 1463 1604 1519 1638; x_wconf 93' lang='grc'><strong>86</strong></span> <span class='ocrx_word' id='word_1_147' title='bbox 1573 1587 1819 1654; x_wconf 86' lang='lat' dir='ltr'>paratum</span> 
     </span>
    </p>
   </div>
   <div class='ocr_carea' id='block_1_7' title="bbox 133 1658 1820 1728">
    <p class='ocr_par' dir='ltr' id='par_1_8' title="bbox 133 1658 1820 1728">
     <span class='ocr_line' id='line_1_23' title="bbox 133 1658 1820 1728; baseline -0.001 -16"><span class='ocrx_word' id='word_1_148' title='bbox 133 1677 152 1702; x_wconf 68' lang='grc' dir='ltr'>υ</span> <span class='ocrx_word' id='word_1_149' title='bbox 177 1678 315 1728; x_wconf 90' lang='grc'><strong>6886,</strong></span> <span class='ocrx_word' id='word_1_150' title='bbox 362 1677 497 1728; x_wconf 91' lang='lat' dir='ltr'>quae</span> <span class='ocrx_word' id='word_1_151' title='bbox 536 1659 793 1712; x_wconf 88' lang='lat' dir='ltr'>Hercules</span> <span class='ocrx_word' id='word_1_152' title='bbox 839 1659 1012 1712; x_wconf 86' lang='lat' dir='ltr'>facere</span> <span class='ocrx_word' id='word_1_153' title='bbox 1050 1659 1224 1712; x_wconf 87' lang='lat' dir='ltr'>vellet.</span> <span class='ocrx_word' id='word_1_154' title='bbox 1299 1659 1422 1711; x_wconf 91' lang='lat' dir='ltr'>inde</span> <span class='ocrx_word' id='word_1_155' title='bbox 1461 1658 1529 1711; x_wconf 89' lang='lat' dir='ltr'>ad</span> <span class='ocrx_word' id='word_1_156' title='bbox 1565 1658 1820 1711; x_wconf 88' lang='lat' dir='ltr'>Phthiam</span> 
     </span>
    </p>
   </div>
   <div class='ocr_carea' id='block_1_8' title="bbox 176 1732 1823 2022">
    <p class='ocr_par' dir='ltr' id='par_1_9' title="bbox 176 1732 1823 2022">
     <span class='ocr_line' id='line_1_24' title="bbox 176 1732 1822 1802; baseline -0.002 -16"><span class='ocrx_word' id='word_1_157' title='bbox 176 1733 448 1802; x_wconf 84' lang='lat' dir='ltr'>profectus</span> <span class='ocrx_word' id='word_1_158' title='bbox 478 1735 560 1785; x_wconf 90' lang='lat' dir='ltr'>est</span> <span class='ocrx_word' id='word_1_159' title='bbox 599 1733 665 1784; x_wconf 92' lang='lat' dir='ltr'>ad</span> <span class='ocrx_word' id='word_1_160' title='bbox 697 1732 915 1785; x_wconf 91' lang='lat' dir='ltr'>Peleum</span> <span class='ocrx_word' id='word_1_161' title='bbox 953 1736 1215 1802; x_wconf 84' lang='lat' dir='ltr'>rogatque</span> <span class='ocrx_word' id='word_1_162' title='bbox 1248 1751 1390 1801; x_wconf 82' lang='lat' dir='ltr'>eum,</span> <span class='ocrx_word' id='word_1_163' title='bbox 1427 1736 1488 1785; x_wconf 89' lang='lat' dir='ltr'>ut</span> <span class='ocrx_word' id='word_1_164' title='bbox 1517 1750 1695 1786; x_wconf 88' lang='grc'><strong>86611111</strong></span> <span class='ocrx_word' id='word_1_165' title='bbox 1733 1734 1822 1784; x_wconf 88' lang='lat' dir='ltr'>eat</span> 
     </span>
     <span class='ocr_line' id='line_1_25' title="bbox 178 1806 1821 1874; baseline -0.001 -16"><span class='ocrx_word' id='word_1_166' title='bbox 178 1807 244 1858; x_wconf 91' lang='lat' dir='ltr'>ad</span> <span class='ocrx_word' id='word_1_167' title='bbox 295 1806 526 1859; x_wconf 85' lang='lat' dir='ltr'>Troiam.</span> <span class='ocrx_word' id='word_1_168' title='bbox 613 1806 988 1874; x_wconf 90' lang='lat' dir='ltr'>pollicitusque</span> <span class='ocrx_word' id='word_1_169' title='bbox 1040 1810 1121 1858; x_wconf 91' lang='lat' dir='ltr'>est</span> <span class='ocrx_word' id='word_1_170' title='bbox 1171 1807 1219 1858; x_wconf 92' lang='lat' dir='ltr'>ei</span> <span class='ocrx_word' id='word_1_171' title='bbox 1268 1806 1459 1859; x_wconf 91' lang='lat' dir='ltr'>Peleus</span> <span class='ocrx_word' id='word_1_172' title='bbox 1507 1824 1562 1858; x_wconf 89' lang='lat' dir='ltr'>se</span> <span class='ocrx_word' id='word_1_173' title='bbox 1607 1806 1821 1858; x_wconf 88' lang='lat' dir='ltr'>iturum.</span> 
     </span>
     <span class='ocr_line' id='line_1_26' title="bbox 178 1878 1823 1949; baseline -0.001 -18"><span class='ocrx_word' id='word_1_174' title='bbox 178 1880 300 1932; x_wconf 87' lang='lat' dir='ltr'>inde</span> <span class='ocrx_word' id='word_1_175' title='bbox 331 1879 524 1948; x_wconf 85' lang='lat' dir='ltr'>Pylum</span> <span class='ocrx_word' id='word_1_176' title='bbox 563 1880 630 1931; x_wconf 90' lang='lat' dir='ltr'>ad</span> <span class='ocrx_word' id='word_1_177' title='bbox 661 1878 945 1932; x_wconf 85' lang='lat' dir='ltr'>Nestorem</span> <span class='ocrx_word' id='word_1_178' title='bbox 983 1879 1252 1948; x_wconf 86' lang='lat' dir='ltr'>profectus</span> <span class='ocrx_word' id='word_1_179' title='bbox 1285 1883 1366 1932; x_wconf 88' lang='lat' dir='ltr'>est</span> <span class='ocrx_word' id='word_1_180' title='bbox 1402 1882 1662 1949; x_wconf 84' lang='lat' dir='ltr'>rogatque</span> <span class='ocrx_word' id='word_1_181' title='bbox 1701 1895 1823 1930; x_wconf 89' lang='lat' dir='ltr'>eum</span> 
     </span>
     <span class='ocr_line' id='line_1_27' title="bbox 178 1951 1822 2022; baseline -0.001 -17"><span class='ocrx_word' id='word_1_182' title='bbox 178 1952 396 2022; x_wconf 79' lang='lat' dir='ltr'>Nestor,</span> <span class='ocrx_word' id='word_1_183' title='bbox 429 1953 556 2022; x_wconf 92' lang='lat' dir='ltr'>quid</span> <span class='ocrx_word' id='word_1_184' title='bbox 586 1953 804 2006; x_wconf 88' lang='lat' dir='ltr'>venerit.</span> <span class='ocrx_word' id='word_1_185' title='bbox 858 1951 1114 2006; x_wconf 86' lang='lat' dir='ltr'>Hercules</span> <span class='ocrx_word' id='word_1_186' title='bbox 1147 1953 1275 2006; x_wconf 89' lang='lat' dir='ltr'>dicit</span> <span class='ocrx_word' id='word_1_187' title='bbox 1307 1953 1447 2022; x_wconf 92' lang='lat' dir='ltr'>quod</span> <span class='ocrx_word' id='word_1_188' title='bbox 1479 1953 1658 2006; x_wconf 90' lang='lat' dir='ltr'>dolore</span> <span class='ocrx_word' id='word_1_189' title='bbox 1682 1969 1822 2004; x_wconf 91' lang='lat' dir='ltr'>com-</span> 
     </span>
    </p>
   </div>
   <div class='ocr_carea' id='block_1_9' title="bbox 117 2025 1823 2096">
    <p class='ocr_par' dir='ltr' id='par_1_10' title="bbox 117 2025 1823 2096">
     <span class='ocr_line' id='line_1_28' title="bbox 117 2025 1823 2096; baseline -0.001 -18"><span class='ocrx_word' id='word_1_190' title='bbox 117 2039 158 2069; x_wconf 61' lang='grc'><strong>25</strong></span> <span class='ocrx_word' id='word_1_191' title='bbox 183 2030 360 2080; x_wconf 90' lang='lat' dir='ltr'>motus</span> <span class='ocrx_word' id='word_1_192' title='bbox 409 2027 500 2092; x_wconf 90' lang='lat' dir='ltr'>sit,</span> <span class='ocrx_word' id='word_1_193' title='bbox 550 2027 683 2079; x_wconf 85' lang='lat' dir='ltr'>velle</span> <span class='ocrx_word' id='word_1_194' title='bbox 736 2045 790 2079; x_wconf 91' lang='lat' dir='ltr'>se</span> <span class='ocrx_word' id='word_1_195' title='bbox 842 2027 1131 2079; x_wconf 85' lang='lat' dir='ltr'>exercitum</span> <span class='ocrx_word' id='word_1_196' title='bbox 1177 2027 1234 2078; x_wconf 90' lang='lat' dir='ltr'>in</span> <span class='ocrx_word' id='word_1_197' title='bbox 1279 2025 1570 2096; x_wconf 81' lang='lat' dir='ltr'>Phrygiam</span> <span class='ocrx_word' id='word_1_198' title='bbox 1620 2026 1823 2078; x_wconf 89' lang='lat' dir='ltr'>ducere.</span> 
     </span>
    </p>
   </div>
   <div class='ocr_carea' id='block_1_10' title="bbox 183 2099 1823 2169">
    <p class='ocr_par' dir='ltr' id='par_1_11' title="bbox 183 2099 1823 2169">
     <span class='ocr_line' id='line_1_29' title="bbox 183 2099 1823 2169; baseline -0.001 -17"><span class='ocrx_word' id='word_1_199' title='bbox 183 2099 383 2152; x_wconf 87' lang='lat' dir='ltr'>Nestor</span> <span class='ocrx_word' id='word_1_200' title='bbox 442 2099 730 2152; x_wconf 90' lang='lat' dir='ltr'>Herculem</span> <span class='ocrx_word' id='word_1_201' title='bbox 792 2100 1130 2153; x_wconf 84' lang='lat' dir='ltr'>conlaudavit</span> <span class='ocrx_word' id='word_1_202' title='bbox 1193 2117 1514 2169; x_wconf 89' lang='lat' dir='ltr'>operamque</span> <span class='ocrx_word' id='word_1_203' title='bbox 1569 2117 1720 2151; x_wconf 87' lang='lat' dir='ltr'>suam</span> <span class='ocrx_word' id='word_1_204' title='bbox 1775 2099 1823 2150; x_wconf 93' lang='lat' dir='ltr'>ei</span> 
     </span>
    </p>
   </div>
   <div class='ocr_carea' id='block_1_11' title="bbox 255 2234 444 2240">
    <p class='ocr_par' dir='ltr' id='par_1_12' title="bbox 255 2234 444 2240">
     <span class='ocr_line' id='line_1_30' title="bbox 255 2234 444 2240; baseline 0 0"><span class='ocrx_word' id='word_1_205' title='bbox 255 2234 444 2240; x_wconf 95' lang='lat' dir='ltr'> </span> 
     </span>
    </p>
   </div>
   <div class='ocr_carea' id='block_1_12' title="bbox 183 2302 1828 2944">
    <p class='ocr_par' dir='ltr' id='par_1_13' title="bbox 183 2302 1828 2944">
     <span class='ocr_line' id='line_1_31' title="bbox 305 2302 1828 2371; baseline -0.001 -24"><span class='ocrx_word' id='word_1_206' title='bbox 305 2309 326 2347; x_wconf 91' lang='lat'>1</span> <span class='ocrx_word' id='word_1_207' title='bbox 361 2304 590 2347; x_wconf 87' lang='lat' dir='ltr'>uenerunt</span> <span class='ocrx_word' id='word_1_208' title='bbox 637 2303 679 2347; x_wconf 89' lang='lat' dir='ltr'><strong><em>G</em></strong></span> <span class='ocrx_word' id='word_1_209' title='bbox 714 2305 719 2359; x_wconf 90' lang='grc' dir='ltr'>Ι</span> <span class='ocrx_word' id='word_1_210' title='bbox 755 2303 1106 2371; x_wconf 80' lang='lat' dir='ltr'>grandilitatem</span> <span class='ocrx_word' id='word_1_211' title='bbox 1155 2304 1217 2347; x_wconf 90' lang='lat' dir='ltr'><em>M</em></span> <span class='ocrx_word' id='word_1_212' title='bbox 1346 2309 1371 2346; x_wconf 99' lang='grc'>2</span> <span class='ocrx_word' id='word_1_213' title='bbox 1415 2317 1462 2347; x_wconf 90' lang='grc'>86</span> <span class='ocrx_word' id='word_1_214' title='bbox 1509 2316 1591 2347; x_wconf 89' lang='lat' dir='ltr'>o-m.</span> <span class='ocrx_word' id='word_1_215' title='bbox 1641 2302 1703 2346; x_wconf 90' lang='lat' dir='ltr'><em>M</em></span> <span class='ocrx_word' id='word_1_216' title='bbox 1733 2303 1738 2357; x_wconf 94' lang='grc' dir='ltr'>Ι</span> <span class='ocrx_word' id='word_1_217' title='bbox 1774 2304 1828 2346; x_wconf 87' lang='lat' dir='ltr'>ut</span> 
     </span>
     <span class='ocr_line' id='line_1_32' title="bbox 186 2361 1825 2419; baseline 0 -15"><span class='ocrx_word' id='word_1_218' title='bbox 186 2361 315 2404; x_wconf 86' lang='lat' dir='ltr'>nulla</span> <span class='ocrx_word' id='word_1_219' title='bbox 355 2361 511 2418; x_wconf 86' lang='lat' dir='ltr'>gratia</span> <span class='ocrx_word' id='word_1_220' title='bbox 550 2363 598 2406; x_wconf 91' lang='lat' dir='ltr'>et</span> <span class='ocrx_word' id='word_1_221' title='bbox 640 2362 700 2405; x_wconf 91' lang='lat' dir='ltr'>ab</span> <span class='ocrx_word' id='word_1_222' title='bbox 738 2361 811 2404; x_wconf 85' lang='lat' dir='ltr'>his</span> <span class='ocrx_word' id='word_1_223' title='bbox 851 2361 1002 2419; x_wconf 85' lang='lat' dir='ltr'>magis</span> <span class='ocrx_word' id='word_1_224' title='bbox 1032 2361 1251 2406; x_wconf 87' lang='lat' dir='ltr'>iniuriam</span> <span class='ocrx_word' id='word_1_225' title='bbox 1281 2361 1456 2406; x_wconf 88' lang='lat' dir='ltr'>factam</span> <span class='ocrx_word' id='word_1_226' title='bbox 1487 2375 1586 2406; x_wconf 81' lang='lat' dir='ltr'>esse</span> <span class='ocrx_word' id='word_1_227' title='bbox 1619 2361 1682 2405; x_wconf 90' lang='lat' dir='ltr'><em>M</em></span> <span class='ocrx_word' id='word_1_228' title='bbox 1798 2365 1825 2404; x_wconf 89' lang='lat'><strong>3</strong></span> 
     </span>
     <span class='ocr_line' id='line_1_33' title="bbox 184 2411 1826 2477; baseline 0 -14"><span class='ocrx_word' id='word_1_229' title='bbox 184 2419 491 2464; x_wconf 86' lang='lat' dir='ltr'>Laomedonti</span> <span class='ocrx_word' id='word_1_230' title='bbox 530 2421 635 2464; x_wconf 82' lang='lat' dir='ltr'>add.</span> <span class='ocrx_word' id='word_1_231' title='bbox 677 2420 719 2463; x_wconf 89' lang='lat' dir='ltr'><strong><em>G</em></strong></span> <span class='ocrx_word' id='word_1_232' title='bbox 750 2425 857 2475; x_wconf 75' lang='lat' dir='ltr'>post</span> <span class='ocrx_word' id='word_1_233' title='bbox 896 2422 1018 2464; x_wconf 84' lang='lat' dir='ltr'>esset</span> <span class='ocrx_word' id='word_1_234' title='bbox 1145 2426 1171 2465; x_wconf 86' lang='lat'><strong>6</strong></span> <span class='ocrx_word' id='word_1_235' title='bbox 1209 2421 1439 2477; x_wconf 88' lang='lat' dir='ltr'>proelium</span> <span class='ocrx_word' id='word_1_236' title='bbox 1478 2420 1552 2475; x_wconf 86' lang='grc' dir='ltr'>ΘΙ</span> <span class='ocrx_word' id='word_1_237' title='bbox 1581 2422 1629 2464; x_wconf 88' lang='lat' dir='ltr'>et</span> <span class='ocrx_word' id='word_1_238' title='bbox 1667 2411 1749 2464; x_wconf 71' lang='lat' dir='ltr'>om.</span> <span class='ocrx_word' id='word_1_239' title='bbox 1783 2418 1826 2463; x_wconf 89' lang='lat' dir='ltr'><strong><em>G</em></strong></span> 
     </span>
     <span class='ocr_line' id='line_1_34' title="bbox 187 2436 1826 2536; baseline -0.001 -15"><span class='ocrx_word' id='word_1_240' title='bbox 187 2483 240 2520; x_wconf 91' lang='grc'>12</span> <span class='ocrx_word' id='word_1_241' title='bbox 273 2491 430 2522; x_wconf 88' lang='grc'><strong>86611111</strong></span> <span class='ocrx_word' id='word_1_242' title='bbox 461 2491 544 2522; x_wconf 85' lang='lat' dir='ltr'>om.</span> <span class='ocrx_word' id='word_1_243' title='bbox 578 2482 650 2533; x_wconf 90' lang='lat' dir='ltr'>M,</span> <span class='ocrx_word' id='word_1_244' title='bbox 683 2479 813 2523; x_wconf 78' lang='lat' dir='ltr'>habet</span> <span class='ocrx_word' id='word_1_245' title='bbox 844 2479 903 2522; x_wconf 88' lang='lat' dir='ltr'>A.</span> <span class='ocrx_word' id='word_1_246' title='bbox 965 2481 1121 2523; x_wconf 89' lang='lat' dir='ltr'>utrum</span> <span class='ocrx_word' id='word_1_247' title='bbox 1154 2436 1240 2523; x_wconf 82' lang='lat' dir='ltr'>Gp</span> <span class='ocrx_word' id='word_1_248' title='bbox 1258 2481 1360 2536; x_wconf 82' lang='lat' dir='ltr'>(pro</span> <span class='ocrx_word' id='word_1_249' title='bbox 1390 2481 1445 2523; x_wconf 90' lang='lat' dir='ltr'>ut</span> <span class='ocrx_word' id='word_1_250' title='bbox 1473 2480 1694 2535; x_wconf 85' lang='grc'><strong>86611111)</strong></span> <span class='ocrx_word' id='word_1_251' title='bbox 1771 2482 1826 2521; x_wconf 87' lang='grc'>13</span> 
     </span>
     <span class='ocr_line' id='line_1_35' title="bbox 183 2514 1826 2591; baseline 0 -12"><span class='ocrx_word' id='word_1_252' title='bbox 183 2536 328 2580; x_wconf 78' lang='lat' dir='ltr'>ferret</span> <span class='ocrx_word' id='word_1_253' title='bbox 359 2536 402 2580; x_wconf 91' lang='lat' dir='ltr'><strong><em>G</em></strong></span> <span class='ocrx_word' id='word_1_254' title='bbox 428 2538 434 2591; x_wconf 74' lang='grc' dir='ltr'>Ι</span> <span class='ocrx_word' id='word_1_255' title='bbox 454 2551 490 2583; x_wconf 90' lang='lat' dir='ltr'>a</span> <span class='ocrx_word' id='word_1_256' title='bbox 520 2550 602 2581; x_wconf 87' lang='lat' dir='ltr'>om.</span> <span class='ocrx_word' id='word_1_257' title='bbox 637 2514 679 2581; x_wconf 85' lang='grc' dir='ltr'><em>Θ</em></span> <span class='ocrx_word' id='word_1_258' title='bbox 800 2542 853 2580; x_wconf 83' lang='grc'>15</span> <span class='ocrx_word' id='word_1_259' title='bbox 885 2537 915 2580; x_wconf 85' lang='lat' dir='ltr'>f.</span> <span class='ocrx_word' id='word_1_260' title='bbox 949 2551 1048 2582; x_wconf 82' lang='lat' dir='ltr'>sese</span> <span class='ocrx_word' id='word_1_261' title='bbox 1080 2539 1476 2588; x_wconf 83' lang='lat' dir='ltr'>commutuassent</span> <span class='ocrx_word' id='word_1_262' title='bbox 1500 2537 1564 2581; x_wconf 90' lang='lat' dir='ltr'><em>M</em></span> <span class='ocrx_word' id='word_1_263' title='bbox 1681 2541 1734 2581; x_wconf 86' lang='grc'>16</span> <span class='ocrx_word' id='word_1_264' title='bbox 1765 2536 1826 2579; x_wconf 86' lang='lat' dir='ltr'>ab</span> 
     </span>
     <span class='ocr_line' id='line_1_36' title="bbox 183 2593 1827 2653; baseline 0.001 -16"><span class='ocrx_word' id='word_1_265' title='bbox 183 2593 277 2651; x_wconf 81' lang='lat' dir='ltr'>his]</span> <span class='ocrx_word' id='word_1_266' title='bbox 311 2594 419 2639; x_wconf 87' lang='lat' dir='ltr'>inde</span> <span class='ocrx_word' id='word_1_267' title='bbox 451 2595 503 2638; x_wconf 82' lang='lat' dir='ltr'><em>F</em></span> <span class='ocrx_word' id='word_1_268' title='bbox 627 2601 680 2639; x_wconf 84' lang='lat'>17</span> <span class='ocrx_word' id='word_1_269' title='bbox 712 2595 830 2652; x_wconf 89' lang='lat' dir='ltr'>prof.</span> <span class='ocrx_word' id='word_1_270' title='bbox 863 2598 935 2640; x_wconf 87' lang='lat' dir='ltr'>est</span> <span class='ocrx_word' id='word_1_271' title='bbox 969 2596 1011 2639; x_wconf 93' lang='lat' dir='ltr'><strong><em>G</em></strong></span> <span class='ocrx_word' id='word_1_272' title='bbox 1046 2599 1051 2651; x_wconf 83' lang='grc' dir='ltr'>Ι</span> <span class='ocrx_word' id='word_1_273' title='bbox 1085 2598 1313 2653; x_wconf 88' lang='lat' dir='ltr'>rogatque</span> <span class='ocrx_word' id='word_1_274' title='bbox 1353 2595 1396 2640; x_wconf 92' lang='lat' dir='ltr'><strong><em>G</em></strong></span> <span class='ocrx_word' id='word_1_275' title='bbox 1517 2601 1571 2641; x_wconf 87' lang='lat'>19</span> <span class='ocrx_word' id='word_1_276' title='bbox 1612 2595 1827 2639; x_wconf 81' lang='lat' dir='ltr'>omnibus</span> 
     </span>
     <span class='ocr_line' id='line_1_37' title="bbox 184 2652 1828 2698; baseline 0.001 -3"><span class='ocrx_word' id='word_1_277' title='bbox 184 2652 321 2696; x_wconf 84' lang='lat' dir='ltr'>rebus</span> <span class='ocrx_word' id='word_1_278' title='bbox 362 2653 474 2696; x_wconf 84' lang='grc' dir='ltr'>ΜΘ</span> <span class='ocrx_word' id='word_1_279' title='bbox 540 2654 678 2698; x_wconf 79' lang='lat' dir='ltr'>rebus</span> <span class='ocrx_word' id='word_1_280' title='bbox 709 2667 792 2698; x_wconf 85' lang='lat' dir='ltr'>om.</span> <span class='ocrx_word' id='word_1_281' title='bbox 833 2653 885 2697; x_wconf 81' lang='lat' dir='ltr'><em>F</em></span> <span class='ocrx_word' id='word_1_282' title='bbox 948 2668 996 2698; x_wconf 83' lang='grc'>86</span> <span class='ocrx_word' id='word_1_283' title='bbox 1036 2654 1096 2698; x_wconf 89' lang='lat' dir='ltr'>ad</span> <span class='ocrx_word' id='word_1_284' title='bbox 1138 2654 1294 2698; x_wconf 87' lang='lat' dir='ltr'>omnia</span> <span class='ocrx_word' id='word_1_285' title='bbox 1342 2654 1387 2696; x_wconf 91' lang='lat' dir='ltr'><strong><em>V</em></strong></span> <span class='ocrx_word' id='word_1_286' title='bbox 1442 2658 1498 2698; x_wconf 88' lang='grc'>20</span> <span class='ocrx_word' id='word_1_287' title='bbox 1526 2653 1645 2698; x_wconf 90' lang='lat' dir='ltr'>uelit</span> <span class='ocrx_word' id='word_1_288' title='bbox 1674 2655 1828 2698; x_wconf 85' lang='lat' dir='ltr'>facere</span> 
     </span>
     <span class='ocr_line' id='line_1_38' title="bbox 188 2710 1824 2770; baseline 0.001 -16"><span class='ocrx_word' id='word_1_289' title='bbox 188 2711 251 2754; x_wconf 91' lang='lat' dir='ltr'><em>M</em></span> <span class='ocrx_word' id='word_1_290' title='bbox 274 2713 280 2765; x_wconf 81' lang='lat' dir='ltr'>l</span> <span class='ocrx_word' id='word_1_291' title='bbox 306 2710 496 2769; x_wconf 87' lang='lat' dir='ltr'>frigiam</span> <span class='ocrx_word' id='word_1_292' title='bbox 523 2713 585 2755; x_wconf 93' lang='lat' dir='ltr'><em>M</em></span> <span class='ocrx_word' id='word_1_293' title='bbox 626 2713 834 2769; x_wconf 87' lang='lat' dir='ltr'>phiciam</span> <span class='ocrx_word' id='word_1_294' title='bbox 859 2712 901 2756; x_wconf 92' lang='lat' dir='ltr'><strong><em>G</em></strong></span> <span class='ocrx_word' id='word_1_295' title='bbox 952 2727 1016 2770; x_wconf 82' lang='lat' dir='ltr'>py</span> <span class='ocrx_word' id='word_1_296' title='bbox 986 2712 1235 2769; x_wconf 81' lang='lat' dir='ltr'>ythiamF</span> <span class='ocrx_word' id='word_1_297' title='bbox 1284 2713 1486 2769; x_wconf 85' lang='lat' dir='ltr'>pithiam</span> <span class='ocrx_word' id='word_1_298' title='bbox 1511 2712 1681 2758; x_wconf 52' lang='lat' dir='ltr'>chmr</span> <span class='ocrx_word' id='word_1_299' title='bbox 1700 2712 1824 2756; x_wconf 80' lang='lat' dir='ltr'>Mer-</span> 
     </span>
     <span class='ocr_line' id='line_1_39' title="bbox 188 2770 1828 2828; baseline 0.002 -17"><span class='ocrx_word' id='word_1_300' title='bbox 188 2770 333 2812; x_wconf 76' lang='lat' dir='ltr'>cerius</span> <span class='ocrx_word' id='word_1_301' title='bbox 453 2775 508 2814; x_wconf 87' lang='grc'>22</span> <span class='ocrx_word' id='word_1_302' title='bbox 549 2784 597 2814; x_wconf 90' lang='grc'>86</span> <span class='ocrx_word' id='word_1_303' title='bbox 638 2773 668 2815; x_wconf 93' lang='grc'>1.</span> <span class='ocrx_word' id='word_1_304' title='bbox 707 2771 798 2828; x_wconf 85' lang='lat' dir='ltr'>pel.</span> <span class='ocrx_word' id='word_1_305' title='bbox 839 2770 881 2815; x_wconf 90' lang='lat' dir='ltr'><strong><em>G</em></strong></span> <span class='ocrx_word' id='word_1_306' title='bbox 1000 2776 1055 2814; x_wconf 88' lang='grc'><strong>23</strong></span> <span class='ocrx_word' id='word_1_307' title='bbox 1095 2771 1222 2828; x_wconf 87' lang='lat' dir='ltr'>inde]</span> <span class='ocrx_word' id='word_1_308' title='bbox 1262 2771 1317 2815; x_wconf 93' lang='lat' dir='ltr'>In</span> <span class='ocrx_word' id='word_1_309' title='bbox 1357 2772 1419 2815; x_wconf 94' lang='lat' dir='ltr'><em>M</em></span> <span class='ocrx_word' id='word_1_310' title='bbox 1452 2773 1457 2827; x_wconf 88' lang='grc' dir='ltr'>Ι</span> <span class='ocrx_word' id='word_1_311' title='bbox 1493 2771 1553 2815; x_wconf 84' lang='lat' dir='ltr'>ad</span> <span class='ocrx_word' id='word_1_312' title='bbox 1596 2772 1828 2816; x_wconf 86' lang='lat' dir='ltr'>nestorem</span> 
     </span>
     <span class='ocr_line' id='line_1_40' title="bbox 186 2826 1827 2886; baseline 0.002 -17"><span class='ocrx_word' id='word_1_313' title='bbox 186 2826 334 2883; x_wconf 88' lang='lat' dir='ltr'>pilum</span> <span class='ocrx_word' id='word_1_314' title='bbox 367 2827 410 2873; x_wconf 89' lang='lat' dir='ltr'><strong><em>G</em></strong></span> <span class='ocrx_word' id='word_1_315' title='bbox 531 2833 588 2872; x_wconf 82' lang='lat'>24</span> <span class='ocrx_word' id='word_1_316' title='bbox 617 2833 671 2873; x_wconf 88' lang='lat' dir='ltr'>ut</span> <span class='ocrx_word' id='word_1_317' title='bbox 709 2829 821 2885; x_wconf 86' lang='lat' dir='ltr'>quid</span> <span class='ocrx_word' id='word_1_318' title='bbox 868 2828 910 2874; x_wconf 88' lang='lat' dir='ltr'><strong><em>G</em></strong></span> <span class='ocrx_word' id='word_1_319' title='bbox 937 2831 943 2885; x_wconf 93' lang='grc'>1</span> <span class='ocrx_word' id='word_1_320' title='bbox 970 2829 1151 2873; x_wconf 84' lang='lat' dir='ltr'>ueniret</span> <span class='ocrx_word' id='word_1_321' title='bbox 1184 2830 1247 2873; x_wconf 94' lang='lat' dir='ltr'><em>M</em></span> <span class='ocrx_word' id='word_1_322' title='bbox 1278 2833 1283 2886; x_wconf 74' lang='lat' dir='ltr'>l</span> <span class='ocrx_word' id='word_1_323' title='bbox 1321 2845 1413 2886; x_wconf 89' lang='lat' dir='ltr'>quo</span> <span class='ocrx_word' id='word_1_324' title='bbox 1454 2830 1497 2873; x_wconf 92' lang='lat' dir='ltr'><strong><em>V</em></strong></span> <span class='ocrx_word' id='word_1_325' title='bbox 1614 2834 1669 2874; x_wconf 83' lang='lat'>25</span> <span class='ocrx_word' id='word_1_326' title='bbox 1702 2829 1745 2873; x_wconf 89' lang='lat' dir='ltr'>d.</span> <span class='ocrx_word' id='word_1_327' title='bbox 1777 2828 1827 2872; x_wconf 95' lang='lat' dir='ltr'>in</span> 
     </span>
     <span class='ocr_line' id='line_1_41' title="bbox 187 2884 1266 2944; baseline 0.005 -17"><span class='ocrx_word' id='word_1_328' title='bbox 187 2884 294 2941; x_wconf 84' lang='lat' dir='ltr'>frig.</span> <span class='ocrx_word' id='word_1_329' title='bbox 322 2886 384 2929; x_wconf 87' lang='lat' dir='ltr'><em>M</em></span> <span class='ocrx_word' id='word_1_330' title='bbox 504 2893 559 2931; x_wconf 87' lang='grc'>26</span> <span class='ocrx_word' id='word_1_331' title='bbox 594 2901 826 2944; x_wconf 85' lang='lat' dir='ltr'>operaque</span> <span class='ocrx_word' id='word_1_332' title='bbox 859 2902 940 2932; x_wconf 84' lang='lat' dir='ltr'>sua</span> <span class='ocrx_word' id='word_1_333' title='bbox 972 2893 1019 2932; x_wconf 85' lang='lat' dir='ltr'>et</span> <span class='ocrx_word' id='word_1_334' title='bbox 1047 2888 1159 2944; x_wconf 83' lang='lat' dir='ltr'>poll.</span> <span class='ocrx_word' id='word_1_335' title='bbox 1195 2889 1266 2933; x_wconf 87' lang='lat' dir='ltr'>M.</span> 
     </span>
    </p>
   </div>
  </div>
 </body>
</html>
