1956 3178
264 99 334 153 85
782 99 1003 142 mc'rrs
1035 99 1369 143 CRETENSIS
1837 83 1839 85 ’
1902 0 1956 143 Ἤ

265 243 388 279 cum
435 225 552 294 quis
602 243 761 293 super
806 224 905 276 tali
948 243 1018 277 ne
1059 225 1170 278 otio
1218 223 1560 294 disceptaret:
1617 225 1876 296 electique

265 296 642 367 Agamemnon
674 295 993 348 Idomeneus
1072 295 1205 348 lixes
1243 298 1403 364 atque
1438 295 1740 366 Diomedes,
1783 297 1877 366 qui

265 370 468 420 secreto
508 366 575 418 ab
622 365 741 418 aliis
778 366 1140 434 proditionem
1184 369 1532 434 componunt.
1603 370 1878 435 praeterea
1954 394 1956 398 ⁴

265 439 456 506 placet,
495 436 576 488 uti
612 437 844 505 Aeneae,
883 437 929 489 si
966 455 1277 505 permanere
1314 437 1372 490 in
1396 436 1499 490 fide
1537 437 1714 506 vellet,
1752 455 1876 506 pars

223 522 245 555 5
266 507 492 576 praedae
532 510 586 559 et
610 506 799 559 domus
824 508 1073 560 universa
1097 508 1210 560 eius
1235 507 1534 576 incolumiS‚
1569 508 1675 576 ipsj
1699 510 1879 561 autem

267 578 535 630 Antenori
574 577 854 630 dimidium
891 579 1157 631 bonorum
1182 578 1385 631 Priami
1422 596 1756 649 regnumque
1779 578 1878 631 uni

265 649 500 701 filiorum
539 648 668 716 eiuS,
709 667 868 717 quem
906 649 1168 719 elegisset,
1207 649 1601 702 concederetur.
1668 649 1763 702 ubi
1797 667 1876 702 sa-

266 719 335 772 tis
372 722 658 772 tractatum
685 720 858 772 visum
897 723 991 788 est,
1021 721 1266 772 Antenor
1302 719 1367 772 ad
1395 720 1666 772 civitatem
1703 719 1879 773 dimit-

266 789 415 858 titur,
455 789 692 842 referens
718 790 786 843 ad
822 808 946 843 suos
975 791 1271 859 composita
1307 791 1448 843 inter
1474 808 1528 843 se
1566 791 1727 860 longe
1756 790 1878 858 alia,

205 876 247 908 10
268 860 328 913 in
374 860 519 929 quiS,
568 860 769 913 donum
805 860 1079 914 Minervae
1125 861 1303 930 parari
1348 879 1380 913 a
1418 861 1635 914 Graecis
1681 878 1877 930 eosque

271 949 392 983 cum
429 931 603 1001 gratia
650 949 842 1000 cupere
892 935 1106 1000 recepta
1141 931 1350 984 Helena
1386 935 1710 1000 acceptoque
1747 948 1878 984 auro

266 1001 468 1053 bellum
516 1002 761 1055 omittere
806 1005 967 1071 atque
1024 1002 1091 1055 ad
1138 1020 1260 1055 suos
1307 1002 1533 1072 regredi.
1618 1002 1694 1055 ita
1739 1019 1881 1054 com-

266 1072 445 1140 posito
491 1074 711 1141 negotio
759 1072 1008 1126 Antenor
1062 1072 1365 1141 traditoque
1424 1073 1527 1126 sibi
1574 1071 1878 1142 TalthybiO,

268 1161 374 1209 quo
413 1160 496 1195 res
533 1142 692 1195 fidem
731 1143 1010 1212 acciperet,
1050 1143 1117 1195 ad
1155 1142 1370 1196 Troiam
1408 1144 1572 1196 venit.

726 1440 982 1500 LIBER
1029 1438 1432 1514 QUINTUS.

182 1605 247 1662 ‘15
409 1606 449 1658 Ι.
512 1607 789 1660 Antenore
846 1606 1239 1676 Talthybioque
1297 1607 1567 1659 civitatem
1622 1605 1876 1676 ingressis

270 1676 451 1728 cuncti
475 1678 761 1745 populares
799 1678 1036 1746 sociique
1063 1678 1281 1747 cognita
1317 1695 1373 1730 re
1398 1695 1624 1746 propere
1660 1693 1882 1729 concur-

269 1749 420 1814 runt,
472 1748 746 1815 cupientes
797 1748 1089 1816 dinoscere,
1129 1767 1264 1817 quae
1307 1748 1448 1816 apud
1486 1747 1718 1800 Graecos
1755 1746 1883 1799 acti-

268 1819 383 1869 tata
420 1821 619 1887 essent,
661 1820 779 1888 quis
817 1820 1064 1870 Antenor
1099 1819 1157 1870 in
1193 1818 1497 1886 proximum
1535 1817 1675 1870 diem
1712 1816 1882 1871 relata

271 1886 472 1939 differt:
522 1891 682 1957 atque
720 1890 797 1941 ita
831 1888 1048 1941 dimisso
1087 1891 1355 1942 conventu
1394 1887 1694 1941 disceditur.
1758 1905 1881 1940 cum

207 1981 248 2013 20
271 1958 413 2010 inter
494 1960 676 2028 epulas
751 1959 1067 2027 Talthybius
1149 1960 1452 2027 interesset,
1535 1958 1675 2010 filios
1757 1974 1882 2010 suos

269 2047 483 2081 monere
530 2031 779 2083 Antenor
841 2029 980 2082 nihil
1035 2030 1120 2081 his
1174 2030 1231 2082 in
1288 2029 1400 2081 vita
1460 2026 1882 2095 custodiendum,

272 2116 432 2167 quam
469 2100 548 2152 uti
587 2101 1014 2169 antiquissimam
1052 2100 1307 2152 ducerent
1346 2117 1466 2152 cum
1504 2098 1719 2151 Graecis
1753 2096 1883 2150 ami-

272 2169 468 2236 citiam,
508 2169 632 2222 dein
670 2171 1004 2240 singulorum
1039 2171 1364 2238 probitatem
1399 2169 1559 2221 fidem
1606 2172 1766 2238 atque
1802 2167 1884 2221 in-

271 2240 578 2292 nocentiam
636 2241 1100 2293 commemorando
1168 2241 1494 2292 ammiratur.
1583 2240 1660 2291 ita
1725 2237 1880 2291 finito

209 2333 251 2364 25
276 2309 524 2363 convivio
583 2314 699 2363 tum
746 2311 1050 2363 disceditur.
1138 2314 1193 2363 at
1248 2311 1382 2363 lucis
1430 2309 1697 2379 principio
1708 2350 1723 2376 ‚
1774 2325 1885 2360 om·

273 2380 432 2433 nibus
469 2381 576 2433 iam
613 2381 672 2433 in
709 2381 934 2434 consilio
974 2381 1376 2449 expectantibus
1424 2379 1628 2447 audire,
1677 2379 1723 2431 si
1761 2376 1880 2446 quis

274 2451 463 2503 modus
500 2454 666 2504 tantis
702 2452 856 2504 malis
893 2451 1060 2517 fieret,
1101 2469 1222 2503 cum
1259 2450 1546 2519 Talthybio
1583 2449 1698 2517 ipse
1734 2446 1885 2500 venit

274 2538 449 2588 neque
486 2522 657 2575 multo
705 2525 832 2590 post
867 2523 1102 2590 AeneaS,
1152 2521 1275 2573 dein
1312 2520 1555 2572 Priamus
1601 2536 1722 2571 cum
1758 2517 1884 2570 resi-

277 2590 394 2643 duis
432 2592 647 2661 regulis.
713 2592 940 2660 denique
967 2592 1061 2643 ubi
1099 2609 1185 2659 ea,
1225 2608 1360 2658 quae
1397 2609 1429 2642 a
1455 2589 1670 2642 Graecis
1708 2587 1885 2640 audie-

210 2684 257 2716 30
279 2664 386 2729 rat,
427 2661 599 2714 dicere
637 2664 812 2715 iussus
851 2665 955 2730 est,
994 2661 1096 2714 hoc
1133 2661 1291 2713 modo
1332 2659 1593 2712 disseruit.

385 2835 412 2874 4
445 2845 595 2874 aenea
629 2834 708 2874 GB
738 2847 852 2875 corr.
892 2835 936 2874 V
1048 2834 1100 2873 14
1137 2831 1375 2884 acceperit
1408 2830 1486 2871 GB
1524 2842 1640 2870 corr.
1678 2829 1717 2868 V
1834 2827 1885 2867 17

276 2894 381 2929 acta
414 2889 453 2928 B
559 2891 610 2930 19
642 2894 736 2930 tum
767 2891 797 2930 i.
833 2903 870 2930 e.
906 2901 1010 2930 cum
1045 2889 1091 2927 V
1199 2890 1254 2930 25
1284 2884 1398 2940 tum]
1460 2886 1666 2939 quietum
1695 2883 1796 2926 PV.
