1956 3178
710 92 1130 139 PRAEFATIO.
1613 104 1755 148 XXIII

368 216 445 286 Co
485 216 565 268 dit
602 214 792 268 Daires
832 215 924 285 0111
961 232 1060 284 par
1096 216 1181 267 tot
1218 213 1290 282 fu,

367 289 594 342 Milliers
635 289 699 342 de
741 306 876 359 genz
913 289 933 340 i
972 290 1070 341 ont
1106 255 1292 356 perdu'.

252 364 376 416 Alia
416 381 552 433 quae
591 382 624 416 a
662 362 862 416 Darete
900 361 1061 414 modo
1099 361 1336 414 indicata
1375 363 1504 413 sunt
1543 361 1610 413 ab
1650 360 1752 412 hoc

101 438 374 506 copiosius
414 439 773 506 exponuntur:
819 436 898 489 ita
937 454 1059 488 cum
1096 435 1185 487 ille
1224 435 1524 488 narraverit
1561 434 1635 503 (p.
1668 434 1755 502 32,

107 510 203 582 22)
250 511 573 581 „Postquam
614 511 742 563 anni
790 510 900 562 dies
947 509 1096 561 venit
1141 527 1246 578 quo
1270 508 1474 562 Hector
1514 508 1754 578 sepultus

105 588 190 638 est
211 584 457 638 Priamus
497 588 551 637 et
588 584 811 637 Hecuba
851 587 905 636 et
927 583 1202 652 Polyxena
1240 583 1507 652 ceterique
1532 582 1754 635 Troiani

106 658 176 711 ad
199 658 447 712 Hectoris
489 658 829 727 sepulchrum
865 657 1095 726 profecti
1137 656 1293 710 sunt“
1330 657 1418 709 hic
1458 655 1530 725 (v.
1574 655 1750 709 17457

106 730 387 801 -17490)
426 731 652 801 triginta
692 735 746 784 et
785 732 1014 800 amplius
1046 732 1290 783 versibus
1327 731 1468 783 idem
1501 730 1756 782 describit

104 808 162 859 et
185 806 326 875 quod
350 806 440 858 ille
464 804 537 875 (p.
562 806 648 873 26,
676 803 768 875 18)
791 805 875 857 his
907 805 1084 857 verbis
1107 804 1340 874 „Hector
1361 804 1754 873 Epistrophum

103 877 391 932 Schedium
439 878 661 932 occidit“
715 879 963 947 absolvit,
1015 878 1103 931 hic
1157 896 1269 932 non
1318 878 1497 931 minus
1538 881 1754 930 centum

96 952 283 1006 decem
319 954 562 1006 versibus
602 957 840 1005 exornat.

247 1026 542 1096 Postquam
574 1027 706 1079 haec
746 1028 987 1094 exempla
1026 1026 1498 1095 consideravimuS,
1537 1043 1601 1078 ex
1641 1027 1754 1095 qui-

101 1100 204 1153 bus
228 1101 577 1169 perspicimus
605 1119 668 1153 00
708 1118 843 1170 01100
875 1100 1196 1153 Benedictus
1221 1118 1285 1152 ex
1309 1099 1505 1152 Darete
1532 1118 1587 1152 80
1613 1118 1754 1152 sum-

99 1174 272 1242 psisse
297 1174 491 1227 diserte
517 1174 644 1227 dicit
669 1175 808 1243 apud
831 1175 983 1227 illum
1012 1174 1180 1243 aliter,
1203 1175 1516 1243 plerumque
1540 1174 1755 1244 quidem

101 1247 315 1300 brevius
340 1249 604 1317 explicata
620 1266 751 1317 esse,
767 1249 946 1301 minus
966 1248 1308 1317 offendemur,
1325 1266 1446 1300 cum
1464 1265 1755 1318 cognosca-

99 1339 220 1374 mus
273 1322 444 1374 multa
494 1323 634 1390 apud
681 1321 935 1374 Daretem
988 1340 1100 1374 non
1145 1322 1398 1390 inveniri,
1447 1340 1583 1391 quae
1630 1322 1755 1374 inde

103 1413 311 1448 sumere
352 1414 407 1448 se
448 1396 576 1448 dicit
613 1399 786 1464 poeta.
870 1395 988 1449 Hoc
1041 1397 1184 1448 enim
1238 1396 1548 1449 testimonio
1602 1397 1753 1449 nisus

99 1468 172 1538 (v.
216 1469 390 1522 12291
442 1468 611 1539 seqq.)
660 1470 898 1539 loquitur
945 1471 1009 1522 de
1069 1468 1382 1539 Sagittario,
1440 1488 1596 1539 quem
1643 1488 1756 1523 non

98 1543 351 1613 agnoscit
387 1542 572 1612 Dares,
612 1562 659 1595 v.
709 1544 851 1598 8789
899 1545 1147 1596 nominat
1194 1544 1547 1614 laudibusque
1604 1545 1756 1597 effert

99 1634 282 1686 regem
322 1615 538 1685 Celidis,
595 1620 650 1669 at
701 1635 768 1670 110
823 1618 965 1670 1111110
1020 1618 1234 1687 0111ᾶο111
1273 1617 1444 1670 Dares
1494 1618 1755 1688 agnoscit,

100 1689 349 1743 Hectoris
366 1692 681 1744 comitatum
706 1710 827 1744 cum
851 1691 1117 1744 Achillem
1140 1692 1338 1744 viseret
1362 1692 1754 1761 amplissimum

98 1764 698 1834 splendidissimumque
738 1766 905 1818 fuisse
935 1766 1094 1835 fingit
1125 1765 1195 1834 (v,
1224 1765 1443 1835 13011),
1479 1766 1543 1818 de
1567 1785 1674 1835 qua
1697 1785 1754 1819 re

102 1836 168 1892 D.
206 1839 366 1908 plane
404 1842 561 1907 tacet,
601 1839 828 1909 denique
867 1843 928 1891 ut
964 1840 1171 1909 reliqua
1209 1840 1456 1892 omittam
1497 1838 1567 1910 (v.
1609 1841 1756 1894 6204

102 1910 276 1983 seqq.)
322 1914 524 1982 vestes,
571 1913 714 1982 quod
754 1933 786 1966 a
823 1913 997 1982 poetis
1044 1913 1205 1965 medii
1246 1914 1360 1965 aevi
1399 1914 1754 1967 libentissime

98 1985 302 2039 factum
341 2004 459 2039 esse
480 1987 737 2055 videmuS,
776 1987 1052 2040 Diomedis
1078 1990 1132 2039 et
1154 1986 1328 2039 Ulixis
1355 1987 1755 2040 accuratissime

100 2058 376 2128 describit,
430 2060 628 2112 addens
683 2064 867 2112 tamen
911 2079 1000 2130 „se
1038 2061 1077 2112 li
1115 2061 1274 2113 livres
1313 2079 1381 2113 ne
1419 2079 1520 2114 nos
1560 2061 1754 2131 ment“,

101 2150 224 2186 cum
262 2132 438 2185 Dares
470 2134 609 2187 nihil
650 2135 909 2187 eiusmodi
947 2135 1158 2187 habeat.

249 2205 438 2276 Neque
468 2207 522 2260 id
560 2208 718 2260 nobis
757 2208 1041 2260 mirificum
1065 2209 1344 2277 videbitur,
1370 2210 1415 2262 si
1438 2209 1754 2278 respicimus

93 2279 157 2331 id
174 2280 316 2349 quod
339 2283 500 2349 poeta
526 2281 641 2350 ipse
667 2279 737 2350 (v.
760 2282 862 2335 138
901 2281 1029 2351 139)
1062 2283 1342 2352 eloquitur,
1367 2301 1423 2335 se
1449 2283 1754 2336 additurum

99 2371 222 2406 esse
261 2372 396 2422 quae
420 2355 557 2407 bene
598 2355 788 2408 addere
812 2356 998 2424 possit.
1043 2355 1216 2409 Multa
1248 2360 1441 2424 autem,
1464 2359 1525 2408 ut
1549 2357 1753 2411 aridam

106 2425 320 2480 Daretis
361 2429 632 2497 epitomen
656 2430 904 2498 expleret,
944 2448 1007 2482 ex
1031 2424 1365 2501 geographia
1388 2399 1548 2499 atque
1587 2431 1754 2484 histo-

102 2500 206 2569 ria,
253 2505 313 2554 ut
351 2502 633 2555 historiam
671 2504 1028 2572 Amazonum,
1069 2523 1280 2557 summa
1326 2523 1447 2556 cum
1493 2505 1756 2575 libertate,

101 2572 335 2627 Plinium
352 2575 619 2629 Isidorum
631 2576 1015 2646 Hippocratem
1033 2577 1297 2630 Galenum
1316 2581 1528 2631 secutus
1547 2579 1753 2632 adiecit.

253 2647 448 2702 Omnia
465 2669 601 2719 quae
619 2652 887 2704 mirabilia
897 2653 1109 2720 possint
1120 2651 1303 2721 videri,
1316 2651 1600 2705 Daretem
1585 2653 1753 2706 1111100

106 2739 316 2791 quoque
332 2741 389 2774 10
405 2723 647 2778 imitatus
666 2726 852 2778 abesse
869 2726 985 2778 vult
1002 2723 1089 2795 (cf.
1107 2744 1154 2777 v.
1173 2726 1244 2778 60
1255 2725 1439 2795 seqq).
1456 2725 1754 2780 Homerum

99 2795 442 2864 reprehendit
479 2798 622 2867 quod
660 2799 785 2852 deos
832 2818 954 2852 cum
991 2799 1300 2851 hominibus
1340 2799 1481 2852 bella
1520 2801 1752 2870 gessisse

102 2870 416 2939 narraverit,
471 2871 700 2940 deosque
757 2891 788 2924 a
835 2891 931 2926 suo
981 2873 1215 2925 carmine
1256 2874 1507 2942 excludit,
1569 2877 1752 2928 tamen
