1956 3178
283 146 352 197 14
826 143 1089 189 DARETIS
1121 144 1375 190 PHR-YGII

279 270 333 319 et
378 266 568 319 Pollux
621 266 679 317 in
725 265 946 331 recenti,
999 267 1285 334 postquam
1333 263 1614 317 audierunt
1657 263 1920 318 Helenam

280 358 431 393 suam
465 356 701 392 sororem
734 342 966 407 raptam,
997 355 1186 391 navem
1218 337 1642 391 conscenderunt
1670 342 1724 391 et
1755 340 1922 392 secuti

280 416 420 466 sunt.
482 430 602 465 cum
640 412 698 464 in
729 412 884 465 litore
915 411 1109 464 Lesbio
1140 429 1333 464 navem
1365 411 1651 481 solverent,
1689 413 1922 466 maxima

277 489 597 555 tempestate
636 490 812 539 exorta
857 503 1123 555 nusquam
1162 503 1252 538 eos
1284 485 1625 553 conparuisse
1664 485 1921 539 creditum

238 574 259 606 5
284 563 384 627 est,
431 562 619 628 postea
665 559 865 612 dictum
905 562 987 612 est
1025 577 1115 612 eos
1154 559 1466 611 inmortales
1505 558 1697 627 factOS,
1741 559 1922 629 itaque

279 632 501 686 Lesbios
535 633 761 685 navibus
793 650 883 686 eos
915 650 1083 702 usque
1123 632 1189 685 ad
1224 631 1440 685 Troiam
1479 632 1778 702 quaesitum
1816 633 1922 685 isse

278 724 450 776 neque
506 725 689 760 eorum
746 725 973 776 usquam
1027 706 1312 776 vestigium
1367 706 1644 759 inventum
1706 706 1922 760 domum

279 780 629 832 renuntiasse.
1678 832 1682 835 .

427 853 548 906 XII.
625 852 795 906 Dares
835 853 1123 923 PhrygiuS,
1172 854 1262 923 qui
1301 853 1438 905 hanc
1477 853 1757 906 historiam
1797 854 1922 906 scri-

218 942 260 973 10
282 928 411 996 psit,
452 928 527 979 ait
559 945 614 979 se
646 928 904 980 militasse
935 945 1103 997 usque
1136 926 1262 980 dum
1292 925 1454 978 Troia
1484 930 1641 995 capta
1679 930 1785 994 est,
1823 926 1923 980 hos

284 1018 339 1053 se
378 1000 596 1067 vidisse,
635 1019 754 1054 cum
786 1000 1024 1053 indutiae
1065 1003 1265 1066 essent,
1297 999 1494 1068 partim
1527 1000 1729 1069 proelio
1760 1000 1924 1053 inter-

282 1074 469 1142 fuisse,
508 1092 540 1126 a
575 1073 842 1127 Dardanis
876 1077 1053 1126 autem
1090 1073 1300 1126 audisse
1333 1091 1438 1142 qua
1475 1073 1610 1126 facie
1641 1077 1695 1126 et
1731 1077 1925 1126 natura

282 1147 512 1211 fuissent
543 1146 735 1200 Castor
763 1151 816 1200 et
846 1146 1049 1200 Pollux.
1126 1146 1344 1199 fuerunt
1382 1149 1561 1199 autem
1599 1147 1734 1200 alter
1771 1147 1925 1200 alteri

284 1221 474 1273 similis
529 1222 721 1290 capillo
767 1221 904 1273 flavo
952 1221 1118 1274 oculis
1166 1220 1377 1289 magnis
1430 1219 1566 1273 facie
1610 1238 1745 1290 pura
1790 1220 1924 1274 bene

218 1307 260 1340 15
283 1294 499 1364 figurati
531 1313 751 1363 corpore
784 1293 1022 1347 deducto.
1084 1290 1376 1346 Helenam*
1411 1293 1639 1346 similem
1674 1293 1781 1346 illis
1818 1294 1924 1348 for-

283 1386 489 1420 mosam
545 1368 711 1420 animi
773 1368 1028 1437 simplicis
1093 1367 1347 1420 blandam
1401 1367 1641 1420 cruribus
1707 1367 1924 1437 optimis

281 1445 468 1494 notam
530 1441 670 1494 inter
725 1441 828 1494 duo
884 1441 1166 1510 supercilia
1222 1441 1508 1493 habentem
1565 1458 1654 1494 ore
1714 1441 1923 1509 pusillo.

283 1512 617 1567 Priamum>ittig
641 1514 995 1567 Troianorum
1018 1531 1198 1584 regem
1223 1515 1373 1567 vultu
1413 1514 1635 1584 pulchro
1667 1531 1925 1584 magnum

403 1691 427 1717 ³¹²
459 1689 646 1734 Ioannis
678 1689 880 1734 Malalae
913 1688 1299 1746 Chronographia
1321 1689 1402 1733 lib.
1426 1688 1469 1732 V
1499 1703 1545 1745 p.
1572 1692 1670 1734 114.
1732 1687 1925 1747 Georgii

287 1747 484 1793 Cedreni
528 1748 842 1792 Historiarum
887 1747 1215 1804 compendium
1259 1748 1312 1792 P.
1361 1751 1459 1791 124.
1546 1746 1739 1792 Tzetzes
1784 1747 1926 1791 Ante-

285 1806 522 1851 homerica
547 1811 808 1851 115—120.
858 1805 1154 1851 Constantini
1174 1805 1402 1851 Manassis
1426 1804 1760 1863 Compendium
1783 1804 1923 1851 Chro-

286 1865 443 1909 nicum
473 1880 519 1922 p.
546 1870 604 1908 24
635 1880 678 1909 u.
708 1870 819 1912 1157
845 1878 970 1921 seqq.
1018 1865 1241 1921 Iosephus
1264 1865 1452 1910 Iscanus
1484 1864 1542 1909 de
1571 1864 1696 1909 bello
1722 1863 1923 1909 Troiano

286 1923 352 1967 IV
378 1929 461 1967 172
488 1938 534 1968 se
574 1938 616 1979 q.
727 1924 738 1930 “

405 1983 457 2010 **
480 1939 639 2026 ΜὲὶειΙ.
674 1997 718 2039 p.
755 1986 1001 2027 130—136
1043 1980 1294 2037 Meriones,
1334 1981 1608 2026 Idomeneus
1639 1981 1923 2027 Philoctetes

285 2040 405 2085 Aiax
428 2041 603 2085 Locrus
619 2041 956 2097 Neoptolemus
981 2039 1191 2085 Calchas.
1237 2039 1450 2084 Priamus
1465 2039 1639 2085 Hector
1653 2039 1926 2098 Deiphobus

284 2099 490 2144 Helenus
509 2099 694 2144 Troilus
707 2099 971 2144 Alexander
987 2099 1167 2143 Aeneas
1194 2097 1417 2153 [Glaucus
1434 2111 1524 2155 pro
1546 2099 1627 2144 hoc
1641 2099 1926 2144 scribendum

286 2162 349 2202 est
370 2159 648 2203 adiectiuum
671 2154 893 2216 γλαυκός]
919 2159 1142 2202 Antenor.
1180 2152 1373 2202 Hecuba
1388 2157 1716 2202 Andromacha
1731 2156 1925 2203 Cassan·

285 2217 372 2261 dra
401 2217 651 2273 Polyxena.
721 2217 925 2261 Isaacius
958 2216 1405 2274 Porphyrogenneta
1447 2215 1555 2272 περὶ
1589 2216 1683 2260 τῶν
1713 2219 1925 2261 καταλει-

287 2273 511 2331 φθέντων
542 2271 636 2319 ὑπὸ
670 2276 752 2319 τοῦ
780 2271 994 2332 ξΟμήρου
1027 2276 1113 2320 sub
1144 2275 1305 2319 finem:
1336 2275 1657 2332 Agamemnon
1687 2275 1925 2320 Menelaus

286 2334 494 2378 Achilles
512 2334 752 2378 Patroclus
775 2334 935 2379 Ulixes
952 2333 1200 2378 Diomedes
1217 2333 1388 2378 Nestor
1406 2333 1693 2378 Protesilaus
1717 2333 1926 2378 Palame-

287 2393 368 2437 des
384 2392 614 2438 Meriones
627 2393 901 2437 Idomeneus
917 2392 1037 2436 Aiax
1049 2392 1221 2437 Locrus
1237 2391 1573 2449 Neoptolemus
1586 2391 1782 2437 Calchas
1798 2391 1926 2436 Pria-

285 2466 390 2495 mus
420 2451 692 2508 Deiphobus
730 2451 934 2495 Helenus
968 2451 1152 2495 Troilus
1191 2450 1455 2495 Alexander
1493 2452 1673 2495 Aeneas
1703 2451 1924 2496 Antenor.

287 2509 482 2554 Hecuba
515 2510 844 2554 Andromacha
875 2508 1136 2554 Cassandra
1173 2508 1412 2564 Polyxena
1449 2509 1634 2554 Hector.
1702 2509 1924 2566 Iosephus

286 2568 474 2612 Iscanus
488 2569 564 2624 IV,
583 2573 785 2613 43—171
816 2568 1026 2612 Priamus
1045 2568 1219 2612 Hector
1234 2567 1503 2623 Deiphobus
1520 2567 1723 2612 Helenus
1739 2566 1924 2612 Troilus

406 2735 432 2773 2
466 2743 598 2774 suam
641 2744 721 2775 om..
769 2731 810 2775 G
837 2733 843 2786 Ι
870 2730 1029 2774 nanim
1073 2730 1115 2774 G
1234 2734 1259 2773 3
1307 2742 1502 2785 cumque
1545 2728 1587 2773 G
1613 2731 1620 2785 1
1646 2728 1804 2773 littore
1844 2728 1920 2787 Ll

287 2789 448 2832 nauim
480 2788 523 2833 G
642 2795 669 2833 4
700 2789 911 2847 oppressi
941 2789 1046 2834 add.
1083 2789 1125 2831 V
1152 2787 1354 2844 correpti
1382 2788 1504 2832 editt.
1529 2791 1633 2831 uett.
1658 2799 1741 2832 nos
1763 2789 1926 2831 exorta

291 2846 296 2902 Ι
324 2860 579 2903 numquam
622 2848 807 2904 penitus
837 2849 883 2891 B
1003 2853 1029 2892 6
1062 2861 1160 2892 esse
1198 2847 1242 2890 L
1363 2851 1418 2890 10
1454 2845 1625 2891 troiam
1663 2846 1852 2903 captam
1881 2845 1926 2891 L

291 2909 346 2947 14
378 2905 551 2950 similes
585 2906 627 2950 G
750 2911 802 2951 17
835 2906 1014 2964 notam]
1047 2907 1311 2962 Lessinyius
1342 2905 1506 2949 maluit
1535 2917 1725 2949 moram.
