1956 3178
755 115 1172 162 PRAEFATIO.
1696 132 1798 171 XXI

143 239 407 310 sequitur,
462 239 610 293 cuius
666 239 828 291 etiam
888 255 1240 307 personarum
1298 235 1682 304 descriptiones
1739 239 1794 289 et

143 313 448 383 catalogum
501 313 722 365 navium
768 311 1030 365 imitatur:
1085 311 1209 380 Ipse
1255 309 1462 364 fontem
1510 328 1666 364 suum
1705 310 1790 363 his

141 387 385 440 versibus
424 386 650 439 indicat:

289 459 454 513 Nulla
491 463 771 529 poetarum
809 460 991 529 posuit
1029 460 1304 530 figmenta,
1343 458 1559 511 Daretis

362 533 661 587 Historiam
702 534 846 587 soliti
886 534 1115 587 scribere
1154 552 1280 586 vera
1317 536 1524 586 tenens,

287 607 363 661 Et
400 607 666 678 Phrygius
706 608 810 660 fuit
846 609 949 661 iste
988 608 1160 660 Dares
1201 611 1254 660 et
1292 611 1533 675 tempore
1572 606 1701 659 belli

362 681 486 750 Ipse
527 682 740 751 quidem
780 683 933 734 miles
971 683 1177 751 proelia
1215 682 1332 734 visa
1369 680 1546 733 refert.

142 758 196 808 et
233 756 338 808 alio
378 756 495 808 loco
536 755 600 807 de
639 755 837 808 Darete
877 757 1042 809 canit:

286 827 445 882 Hunc
472 847 664 899 sequor
689 830 944 883 adiiciens
968 829 1239 882 interdum
1278 830 1442 882 verba
1479 829 1718 881 virorum

364 902 576 966 Quaeve
614 904 972 973 loquebantur
1010 905 1094 956 vel
1133 906 1354 972 potuere
1391 903 1554 972 loqui.

140 994 195 1044 et
218 991 403 1044 eadem
437 1010 572 1062 quae
595 991 765 1045 Dares
807 992 991 1045 eadem
1026 992 1136 1045 fere
1160 992 1370 1045 ratione
1393 995 1594 1062 narrat,
1634 1009 1790 1062 argu-

140 1068 382 1118 mentum
424 1085 577 1119 suum
616 1066 719 1119 hoc
758 1085 916 1120 versu
957 1067 1294 1137 significans:

288 1153 364 1207 Et
400 1154 536 1206 liber
575 1158 657 1207 est
695 1154 908 1208 Troilus
950 1156 1017 1208 ob
1059 1155 1250 1208 Troica
1288 1155 1430 1207 bella
1467 1157 1705 1207 vocatus,

139 1227 328 1297 Neque
366 1246 491 1281 vero
516 1228 659 1281 hunc
690 1231 904 1282 tantum
931 1230 1184 1299 sequitur,
1225 1228 1316 1281 sed
1341 1228 1503 1281 etiam
1530 1227 1795 1296 Ovidium,

141 1321 205 1355 ex
244 1302 392 1354 cuius
430 1301 647 1355 Heroid.
686 1302 816 1357 XVI
841 1307 894 1356 et
930 1302 1103 1372 XVII,
1141 1306 1202 1355 ut
1239 1302 1463 1373 Dunger
1500 1303 1535 1355 1.
1574 1303 1608 1355 1.
1643 1321 1694 1371 p.
1721 1302 1791 1355 28

141 1376 308 1444 docet,
347 1376 545 1429 multos
584 1394 770 1430 versus
811 1377 878 1430 ad
916 1378 1140 1430 verbum
1180 1377 1476 1446 exscripsit,
1499 1375 1795 1429 Pindarum

141 1449 484 1518 Thebanum,
545 1450 603 1502 in
657 1450 1018 1504 describendis
1073 1451 1441 1505 Amazonibus
1503 1454 1557 1503 et
1607 1450 1797 1520 regina

136 1523 479 1577 Penthesilea
519 1523 768 1578 Orosium
809 1525 923 1578 adv.
970 1543 1091 1596 pag.
1131 1525 1158 1578 I
1200 1525 1284 1595 15,
1325 1525 1470 1595 quod
1508 1526 1626 1594 ipse
1665 1542 1790 1579 con-

141 1598 323 1651 fitetur
360 1598 445 1650 his
484 1599 684 1652 verbis:
1042 1617 1048 1633 ’

286 1685 413 1740 Non
452 1705 602 1740 meus
641 1688 729 1741 hic
771 1707 961 1758 serm0‚
1000 1692 1230 1742 testatur
1268 1687 1536 1742 Horosius
1575 1689 1696 1758 ista,

364 1759 527 1815 Cuius
565 1762 768 1815 habent
805 1764 1022 1832 plenam
1062 1763 1275 1833 singula
1313 1764 1478 1817 verba
1514 1763 1691 1816 fidem.

138 1853 412 1919 praeterea
450 1850 750 1922 Vergilium
790 1855 844 1904 et
882 1851 1094 1922 Dictyn.

287 1939 403 1993 Iam
442 1941 758 1994 revertimur
797 1941 864 1993 ad
895 1960 1015 1994 eum
1045 1959 1203 2011 quem
1229 1959 1390 2010 supra
1413 1957 1794 1994 commemora-

138 2014 313 2067 vimus
337 2014 1170 2086 Bcnedictum2Mauranum.
1221 2013 1325 2067 Hic
1365 2014 1422 2067 in
1462 2015 1795 2083 amplissima

137 2088 262 2141 aula
305 2087 527 2142 Henrici
575 2087 645 2141 II.
692 2108 733 2143 c.
781 2107 825 2142 a.
869 2089 1236 2142 1175—1185
1281 2088 1415 2141 vixit
1472 2091 1526 2141 et
1580 2089 1795 2158 scripsit

138 2162 323 2216 30000
375 2180 539 2216 verss.
591 2163 671 2231 „le
725 2162 938 2216 Roman
996 2163 1059 2215 de
1111 2162 1322 2230 Troie“,
1379 2180 1523 2215 nunc
1577 2163 1792 2216 demum

137 2236 420 2305 praecipue
469 2236 761 2290 secundum
808 2237 921 2291 cod.
959 2255 1012 2291 n.
1061 2238 1204 2290 2181
1246 2237 1376 2290 bibl.
1426 2237 1571 2305 publ.
1620 2236 1790 2290 Paris.

140 2310 208 2362 ab
254 2310 318 2362 A.
365 2309 401 2363 J
405 2311 492 2379 oly
546 2311 769 2380 editum,
831 2329 952 2365 cum
1008 2311 1180 2364 adhuc
1236 2314 1485 2380 excerpta
1547 2310 1791 2380 quamvis

139 2384 353 2454 egregie
415 2387 583 2438 electa
640 2383 820 2439 Caroli
872 2384 1223 2438 Frommanni
1247 2383 1288 2453 ¹)
1354 2384 1512 2437 nobis
1574 2387 1790 2454 praesto

137 2461 332 2528 essent,
370 2462 645 2528 praeterea
684 2462 863 2512 autem
902 2458 1170 2512 Chronica
1209 2459 1403 2512 ducum
1426 2456 1788 2512 Normannio-

136 2528 325 2600 rum2).
386 2531 554 2586 Poeta
594 2533 804 2603 saepius
846 2551 900 2587 se
954 2534 1133 2603 ipsum
1171 2534 1433 2601 nominat,
1479 2536 1540 2586 ut
1577 2552 1626 2608 V:
1669 2532 1790 2587 125.

404 2605 561 2660 Ceste
600 2606 793 2660 estoire
831 2606 968 2660 n'est
1005 2626 1103 2676 pas
1142 2608 1268 2659 usee

402 2678 539 2734 N'en
579 2682 754 2751 gaires
793 2682 908 2736 leus
948 2681 1069 2734 n'en
1109 2686 1191 2735 est
1228 2681 1433 2735 trovee:

262 2853 293 2910 1)
326 2854 376 2898 in
422 2853 627 2900 Pfeifferi
674 2855 923 2903 Germania
972 2861 1159 2904 185711
1206 2874 1251 2915 p.
1299 2863 1489 2915 49-81,
1540 2861 1788 2914 177—209‚

135 2916 386 2959 307—341.
452 2912 486 2970 ²)
519 2914 627 2971 Joly
657 2917 689 2962 l.
713 2917 744 2960 1.
776 2932 821 2973 p.
856 2922 910 2963 57
944 2932 1071 2974 seqq.
