<?xml version="1.0" encoding="UTF-8"?>
<!DOCTYPE html PUBLIC "-//W3C//DTD XHTML 1.0 Transitional//EN"
    "http://www.w3.org/TR/xhtml1/DTD/xhtml1-transitional.dtd">
<html xmlns="http://www.w3.org/1999/xhtml" xml:lang="en" lang="en">
 <head>
  <title>
</title>
<meta http-equiv="Content-Type" content="text/html;charset=utf-8" />
  <meta name='ocr-system' content='tesseract 3.04.00' />
  <meta name='ocr-capabilities' content='ocr_page ocr_carea ocr_par ocr_line ocrx_word'/>
</head>
<body>
  <div class='ocr_page' id='page_1' title='image "./dictyscretensise00dictuoft_0064.png"; bbox 0 0 1956 3178; ppageno 0'>
   <div class='ocr_carea' id='block_1_1' title="bbox 225 58 1328 111">
    <p class='ocr_par' dir='ltr' id='par_1_1' title="bbox 225 58 1328 111">
     <span class='ocr_line' id='line_1_1' title="bbox 225 58 1328 111; baseline -0.003 -7"><span class='ocrx_word' id='word_1_1' title='bbox 225 58 296 111; x_wconf 82' lang='grc'>42</span> <span class='ocrx_word' id='word_1_2' title='bbox 743 59 960 103; x_wconf 85' lang='lat' dir='ltr'>DICTYS</span> <span class='ocrx_word' id='word_1_3' title='bbox 991 59 1328 102; x_wconf 78' lang='lat' dir='ltr'>CRETENSIS</span> 
     </span>
    </p>
   </div>
   <div class='ocr_carea' id='block_1_2' title="bbox 175 184 1840 818">
    <p class='ocr_par' dir='ltr' id='par_1_2' title="bbox 175 184 1840 818">
     <span class='ocr_line' id='line_1_2' title="bbox 223 184 1837 255; baseline 0.002 -17"><span class='ocrx_word' id='word_1_4' title='bbox 223 185 446 238; x_wconf 85' lang='lat' dir='ltr'>iniuria-s</span> <span class='ocrx_word' id='word_1_5' title='bbox 484 185 702 255; x_wconf 87' lang='lat' dir='ltr'>ignaros</span> <span class='ocrx_word' id='word_1_6' title='bbox 741 184 953 236; x_wconf 90' lang='lat' dir='ltr'>consilii</span> <span class='ocrx_word' id='word_1_7' title='bbox 990 184 1072 236; x_wconf 91' lang='lat' dir='ltr'>sui</span> <span class='ocrx_word' id='word_1_8' title='bbox 1109 187 1323 236; x_wconf 89' lang='lat' dir='ltr'>nostros</span> <span class='ocrx_word' id='word_1_9' title='bbox 1372 188 1426 237; x_wconf 87' lang='lat' dir='ltr'>et</span> <span class='ocrx_word' id='word_1_10' title='bbox 1473 186 1541 238; x_wconf 91' lang='lat' dir='ltr'>ob</span> <span class='ocrx_word' id='word_1_11' title='bbox 1578 186 1633 238; x_wconf 89' lang='lat' dir='ltr'>id</span> <span class='ocrx_word' id='word_1_12' title='bbox 1669 187 1837 241; x_wconf 84' lang='lat' dir='ltr'>otiose</span> 
     </span>
     <span class='ocr_line' id='line_1_3' title="bbox 223 254 1840 326; baseline 0.002 -18"><span class='ocrx_word' id='word_1_13' title='bbox 223 259 439 326; x_wconf 86' lang='lat' dir='ltr'>agentes</span> <span class='ocrx_word' id='word_1_14' title='bbox 500 256 637 308; x_wconf 91' lang='lat' dir='ltr'>clam</span> <span class='ocrx_word' id='word_1_15' title='bbox 692 254 943 307; x_wconf 85' lang='lat' dir='ltr'>invadere</span> <span class='ocrx_word' id='word_1_16' title='bbox 1000 257 1243 323; x_wconf 66' lang='lat' dir='ltr'>temptat</span> <span class='ocrx_word' id='word_1_17' title='bbox 1330 257 1385 307; x_wconf 90' lang='lat' dir='ltr'>at</span> <span class='ocrx_word' id='word_1_18' title='bbox 1433 255 1526 308; x_wconf 90' lang='lat' dir='ltr'>ubi</span> <span class='ocrx_word' id='word_1_19' title='bbox 1574 255 1759 310; x_wconf 87' lang='lat' dir='ltr'><strong>Ulixes</strong></span> <span class='ocrx_word' id='word_1_20' title='bbox 1807 275 1840 311; x_wconf 90' lang='lat' dir='ltr'>a</span> 
     </span>
     <span class='ocr_line' id='line_1_4' title="bbox 223 325 1839 396; baseline 0.001 -17"><span class='ocrx_word' id='word_1_21' title='bbox 223 326 556 394; x_wconf 79' lang='lat' dir='ltr'>custodibuS,</span> <span class='ocrx_word' id='word_1_22' title='bbox 597 326 690 393; x_wconf 89' lang='lat' dir='ltr'>qui</span> <span class='ocrx_word' id='word_1_23' title='bbox 728 325 1064 394; x_wconf 76' lang='lat' dir='ltr'>eruptionem</span> <span class='ocrx_word' id='word_1_24' title='bbox 1103 325 1215 377; x_wconf 90' lang='lat' dir='ltr'>eius</span> <span class='ocrx_word' id='word_1_25' title='bbox 1252 330 1687 396; x_wconf 79' lang='lat' dir='ltr'>praesenserant,</span> <span class='ocrx_word' id='word_1_26' title='bbox 1725 346 1839 381; x_wconf 90' lang='lat' dir='ltr'>rem</span> 
     </span>
     <span class='ocr_line' id='line_1_5' title="bbox 222 396 1836 467; baseline 0.002 -18"><span class='ocrx_word' id='word_1_27' title='bbox 222 397 508 465; x_wconf 84' lang='lat' dir='ltr'>comperit,</span> <span class='ocrx_word' id='word_1_28' title='bbox 545 413 772 464; x_wconf 88' lang='lat' dir='ltr'>propere</span> <span class='ocrx_word' id='word_1_29' title='bbox 811 396 968 448; x_wconf 88' lang='lat' dir='ltr'>duces</span> <span class='ocrx_word' id='word_1_30' title='bbox 1018 396 1437 451; x_wconf 72' lang='lat' dir='ltr'>circumcursans</span> <span class='ocrx_word' id='word_1_31' title='bbox 1473 414 1671 467; x_wconf 86' lang='lat' dir='ltr'>magna</span> <span class='ocrx_word' id='word_1_32' title='bbox 1706 415 1836 452; x_wconf 84' lang='lat' dir='ltr'>voce</span> 
     </span>
     <span class='ocr_line' id='line_1_6' title="bbox 175 466 1838 535; baseline 0.002 -19"><span class='ocrx_word' id='word_1_33' title='bbox 175 482 199 516; x_wconf 88' lang='lat'>5</span> <span class='ocrx_word' id='word_1_34' title='bbox 221 470 406 520; x_wconf 91' lang='lat' dir='ltr'>monet</span> <span class='ocrx_word' id='word_1_35' title='bbox 452 469 613 534; x_wconf 88' lang='lat' dir='ltr'>atque</span> <span class='ocrx_word' id='word_1_36' title='bbox 648 466 925 534; x_wconf 89' lang='lat' dir='ltr'>hortatur,</span> <span class='ocrx_word' id='word_1_37' title='bbox 973 466 1053 518; x_wconf 89' lang='lat' dir='ltr'>uti</span> <span class='ocrx_word' id='word_1_38' title='bbox 1091 466 1250 518; x_wconf 91' lang='lat' dir='ltr'>armis</span> <span class='ocrx_word' id='word_1_39' title='bbox 1296 468 1521 535; x_wconf 84' lang='lat' dir='ltr'>arreptis</span> <span class='ocrx_word' id='word_1_40' title='bbox 1557 471 1838 522; x_wconf 88' lang='lat' dir='ltr'>tuerentur</span> 
     </span>
     <span class='ocr_line' id='line_1_7' title="bbox 222 535 1835 609; baseline 0.001 -19"><span class='ocrx_word' id='word_1_41' title='bbox 222 555 360 605; x_wconf 90' lang='lat' dir='ltr'>sese,</span> <span class='ocrx_word' id='word_1_42' title='bbox 411 535 534 589; x_wconf 88' lang='lat' dir='ltr'>dein</span> <span class='ocrx_word' id='word_1_43' title='bbox 581 537 866 590; x_wconf 92' lang='lat' dir='ltr'>consilium</span> <span class='ocrx_word' id='word_1_44' title='bbox 912 537 1291 604; x_wconf 85' lang='lat' dir='ltr'>inceptumque</span> <span class='ocrx_word' id='word_1_45' title='bbox 1331 537 1560 590; x_wconf 83' lang='lat' dir='ltr'>Achillis</span> <span class='ocrx_word' id='word_1_46' title='bbox 1608 538 1835 609; x_wconf 89' lang='lat' dir='ltr'>singulis</span> 
     </span>
     <span class='ocr_line' id='line_1_8' title="bbox 221 607 1837 677; baseline 0.002 -18"><span class='ocrx_word' id='word_1_47' title='bbox 221 608 417 676; x_wconf 86' lang='lat' dir='ltr'>aperit:</span> <span class='ocrx_word' id='word_1_48' title='bbox 468 625 574 676; x_wconf 91' lang='lat' dir='ltr'>quo</span> <span class='ocrx_word' id='word_1_49' title='bbox 624 607 842 677; x_wconf 87' lang='lat' dir='ltr'>cognito</span> <span class='ocrx_word' id='word_1_50' title='bbox 891 607 1093 659; x_wconf 87' lang='lat' dir='ltr'>clamor</span> <span class='ocrx_word' id='word_1_51' title='bbox 1139 607 1331 676; x_wconf 89' lang='lat' dir='ltr'>ingens</span> <span class='ocrx_word' id='word_1_52' title='bbox 1371 608 1542 660; x_wconf 91' lang='lat' dir='ltr'>oritur</span> <span class='ocrx_word' id='word_1_53' title='bbox 1578 608 1837 662; x_wconf 87' lang='lat' dir='ltr'>festinan-</span> 
     </span>
     <span class='ocr_line' id='line_1_9' title="bbox 219 677 1836 748; baseline 0.002 -19"><span class='ocrx_word' id='word_1_54' title='bbox 219 679 364 730; x_wconf 84' lang='lat' dir='ltr'>tibus</span> <span class='ocrx_word' id='word_1_55' title='bbox 401 677 469 729; x_wconf 92' lang='lat' dir='ltr'>ad</span> <span class='ocrx_word' id='word_1_56' title='bbox 506 696 653 730; x_wconf 86' lang='lat' dir='ltr'>arma</span> <span class='ocrx_word' id='word_1_57' title='bbox 691 678 895 730; x_wconf 90' lang='lat' dir='ltr'>cunctis</span> <span class='ocrx_word' id='word_1_58' title='bbox 934 695 994 730; x_wconf 90' lang='lat' dir='ltr'>ac</span> <span class='ocrx_word' id='word_1_59' title='bbox 1033 695 1270 730; x_wconf 91' lang='lat' dir='ltr'>seorsum</span> <span class='ocrx_word' id='word_1_60' title='bbox 1308 677 1410 729; x_wconf 90' lang='lat' dir='ltr'>sibi</span> <span class='ocrx_word' id='word_1_61' title='bbox 1447 679 1674 748; x_wconf 90' lang='lat' dir='ltr'>singulis</span> <span class='ocrx_word' id='word_1_62' title='bbox 1712 697 1836 732; x_wconf 91' lang='lat' dir='ltr'>con-</span> 
     </span>
     <span class='ocr_line' id='line_1_10' title="bbox 221 747 1835 818; baseline 0.002 -18"><span class='ocrx_word' id='word_1_63' title='bbox 221 748 535 800; x_wconf 78' lang='lat' dir='ltr'>sulentibus,</span> <span class='ocrx_word' id='word_1_64' title='bbox 598 748 674 800; x_wconf 89' lang='lat' dir='ltr'>ita</span> <span class='ocrx_word' id='word_1_65' title='bbox 699 748 938 801; x_wconf 86' lang='lat' dir='ltr'>Achilles</span> <span class='ocrx_word' id='word_1_66' title='bbox 975 765 1259 816; x_wconf 87' lang='lat' dir='ltr'>praeverso</span> <span class='ocrx_word' id='word_1_67' title='bbox 1299 747 1361 800; x_wconf 91' lang='lat' dir='ltr'>de</span> <span class='ocrx_word' id='word_1_68' title='bbox 1400 765 1454 800; x_wconf 93' lang='lat' dir='ltr'>se</span> <span class='ocrx_word' id='word_1_69' title='bbox 1492 749 1703 818; x_wconf 86' lang='lat' dir='ltr'>nuntiO,</span> <span class='ocrx_word' id='word_1_70' title='bbox 1732 750 1835 803; x_wconf 83' lang='lat' dir='ltr'>-ubi</span> 
     </span>
    </p>
   </div>
   <div class='ocr_carea' id='block_1_3' title="bbox 1711 0 1956 299">
    <p class='ocr_par' dir='ltr' id='par_1_3' title="bbox 1711 0 1956 158">
     <span class='ocr_line' id='line_1_11' title="bbox 1711 0 1956 158; baseline 0.061 -155"><span class='ocrx_word' id='word_1_71' title='bbox 1711 0 1714 3; x_wconf 77' lang='grc'>,</span> <span class='ocrx_word' id='word_1_72' title='bbox 1778 11 1779 14; x_wconf 74' lang='grc'>,</span> <span class='ocrx_word' id='word_1_73' title='bbox 1812 0 1956 158; x_wconf 56' lang='grc' dir='ltr'>ἶῃἻ</span> 
     </span>
     <span class='ocr_line' id='line_1_12' title="bbox 1730 38 1926 59; baseline 0 -5"><span class='ocrx_word' id='word_1_74' title='bbox 1730 38 1736 44; x_wconf 88' lang='grc'><em>·</em></span> <span class='ocrx_word' id='word_1_75' title='bbox 1779 56 1783 59; x_wconf 30' lang='lat'><em>⁷</em></span> <span class='ocrx_word' id='word_1_76' title='bbox 1875 39 1926 54; x_wconf 66' lang='lat' dir='ltr'>J..</span> 
     </span>
    </p>

    <p class='ocr_par' dir='ltr' id='par_1_4' title="bbox 1942 163 1956 202">
     <span class='ocr_line' id='line_1_13' title="bbox 1942 163 1956 202; baseline 0 0"><span class='ocrx_word' id='word_1_77' title='bbox 1942 163 1956 202; x_wconf 63' lang='lat'>&#39;⁴3</span> 
     </span>
    </p>

    <p class='ocr_par' dir='ltr' id='par_1_5' title="bbox 1935 202 1956 223">
     <span class='ocr_line' id='line_1_14' title="bbox 1935 202 1956 223; baseline 0 0"><span class='ocrx_word' id='word_1_78' title='bbox 1935 202 1956 223; x_wconf 60' lang='lat'>⁰⁷.</span> 
     </span>
    </p>

    <p class='ocr_par' dir='ltr' id='par_1_6' title="bbox 1945 225 1956 244">
     <span class='ocr_line' id='line_1_15' title="bbox 1945 225 1956 244; baseline 0 0"><span class='ocrx_word' id='word_1_79' title='bbox 1945 225 1956 244; x_wconf 63' lang='grc' dir='ltr'>ι</span> 
     </span>
    </p>

    <p class='ocr_par' dir='ltr' id='par_1_7' title="bbox 1948 266 1956 299">
     <span class='ocr_line' id='line_1_16' title="bbox 1948 266 1956 299; baseline 0 0"><span class='ocrx_word' id='word_1_80' title='bbox 1948 266 1956 299; x_wconf 67' lang='grc' dir='ltr'><strong>ἱ</strong></span> 
     </span>
    </p>
   </div>
   <div class='ocr_carea' id='block_1_4' title="bbox 157 819 1890 889">
    <p class='ocr_par' dir='ltr' id='par_1_8' title="bbox 157 819 1890 889">
     <span class='ocr_line' id='line_1_17' title="bbox 157 819 1890 889; baseline 0.002 -19"><span class='ocrx_word' id='word_1_81' title='bbox 157 833 198 866; x_wconf 92' lang='lat'>10</span> <span class='ocrx_word' id='word_1_82' title='bbox 222 836 406 871; x_wconf 91' lang='lat' dir='ltr'>omnes</span> <span class='ocrx_word' id='word_1_83' title='bbox 444 819 502 870; x_wconf 93' lang='lat' dir='ltr'>in</span> <span class='ocrx_word' id='word_1_84' title='bbox 527 819 687 871; x_wconf 90' lang='lat' dir='ltr'>armis</span> <span class='ocrx_word' id='word_1_85' title='bbox 726 822 852 871; x_wconf 91' lang='lat' dir='ltr'>sunt</span> <span class='ocrx_word' id='word_1_86' title='bbox 877 836 1050 887; x_wconf 92' lang='lat' dir='ltr'>neque</span> <span class='ocrx_word' id='word_1_87' title='bbox 1086 821 1278 871; x_wconf 90' lang='lat' dir='ltr'>conata</span> <span class='ocrx_word' id='word_1_88' title='bbox 1302 819 1588 886; x_wconf 88' lang='lat' dir='ltr'>procedere</span> <span class='ocrx_word' id='word_1_89' title='bbox 1615 824 1834 889; x_wconf 87' lang='lat' dir='ltr'>queunt,</span> <span class='ocrx_word' id='word_1_90' title='bbox 1878 847 1890 855; x_wconf 60' lang='lat'><em>2</em></span> 
     </span>
    </p>
   </div>
   <div class='ocr_carea' id='block_1_5' title="bbox 153 888 1838 1602">
    <p class='ocr_par' dir='ltr' id='par_1_9' title="bbox 153 888 1838 1602">
     <span class='ocr_line' id='line_1_18' title="bbox 219 888 1838 958; baseline 0.002 -18"><span class='ocrx_word' id='word_1_91' title='bbox 219 889 541 957; x_wconf 89' lang='lat' dir='ltr'>intemptato</span> <span class='ocrx_word' id='word_1_92' title='bbox 580 890 800 958; x_wconf 85' lang='lat' dir='ltr'>negotio</span> <span class='ocrx_word' id='word_1_93' title='bbox 839 890 905 941; x_wconf 87' lang='lat' dir='ltr'>ad</span> <span class='ocrx_word' id='word_1_94' title='bbox 953 890 1188 942; x_wconf 90' lang='lat' dir='ltr'>tentoria</span> <span class='ocrx_word' id='word_1_95' title='bbox 1225 888 1538 958; x_wconf 82' lang='lat' dir='ltr'>regreditur.</span> <span class='ocrx_word' id='word_1_96' title='bbox 1614 907 1674 942; x_wconf 91' lang='lat' dir='ltr'>ac</span> <span class='ocrx_word' id='word_1_97' title='bbox 1711 909 1838 943; x_wconf 86' lang='lat' dir='ltr'>mox</span> 
     </span>
     <span class='ocr_line' id='line_1_19' title="bbox 220 959 1836 1028; baseline 0.002 -18"><span class='ocrx_word' id='word_1_98' title='bbox 220 959 378 1012; x_wconf 91' lang='lat' dir='ltr'>duces</span> <span class='ocrx_word' id='word_1_99' title='bbox 415 960 588 1011; x_wconf 88' lang='lat' dir='ltr'>nostri</span> <span class='ocrx_word' id='word_1_100' title='bbox 624 960 729 1012; x_wconf 87' lang='lat' dir='ltr'>rati</span> <span class='ocrx_word' id='word_1_101' title='bbox 775 960 1058 1028; x_wconf 90' lang='lat' dir='ltr'>repentino</span> <span class='ocrx_word' id='word_1_102' title='bbox 1097 977 1315 1012; x_wconf 91' lang='lat' dir='ltr'>suorum</span> <span class='ocrx_word' id='word_1_103' title='bbox 1363 959 1593 1013; x_wconf 86' lang='lat' dir='ltr'>clamore</span> <span class='ocrx_word' id='word_1_104' title='bbox 1630 961 1836 1013; x_wconf 87' lang='lat' dir='ltr'>moveri</span> 
     </span>
     <span class='ocr_line' id='line_1_20' title="bbox 218 1029 1831 1100; baseline 0.002 -19"><span class='ocrx_word' id='word_1_105' title='bbox 218 1029 441 1082; x_wconf 92' lang='lat' dir='ltr'>Ilienses</span> <span class='ocrx_word' id='word_1_106' title='bbox 508 1033 562 1082; x_wconf 89' lang='lat' dir='ltr'>et</span> <span class='ocrx_word' id='word_1_107' title='bbox 619 1031 687 1082; x_wconf 93' lang='lat' dir='ltr'>ob</span> <span class='ocrx_word' id='word_1_108' title='bbox 754 1030 809 1081; x_wconf 90' lang='lat' dir='ltr'>id</span> <span class='ocrx_word' id='word_1_109' title='bbox 862 1030 992 1082; x_wconf 85' lang='lat' dir='ltr'>novi</span> <span class='ocrx_word' id='word_1_110' title='bbox 1058 1029 1187 1098; x_wconf 92' lang='lat' dir='ltr'>quid</span> <span class='ocrx_word' id='word_1_111' title='bbox 1241 1030 1448 1082; x_wconf 75' lang='lat' dir='ltr'>neo-otii</span> <span class='ocrx_word' id='word_1_112' title='bbox 1505 1031 1831 1100; x_wconf 81' lang='lat' dir='ltr'>incepturOS,</span> 
     </span>
     <span class='ocr_line' id='line_1_21' title="bbox 220 1075 1838 1169; baseline 0.002 -18"><span class='ocrx_word' id='word_1_113' title='bbox 220 1099 495 1169; x_wconf 83' lang='lat' dir='ltr'>augendae</span> <span class='ocrx_word' id='word_1_114' title='bbox 534 1099 805 1152; x_wconf 90' lang='lat' dir='ltr'>custodiae</span> <span class='ocrx_word' id='word_1_115' title='bbox 844 1117 1002 1152; x_wconf 89' lang='lat' dir='ltr'>causa</span> <span class='ocrx_word' id='word_1_116' title='bbox 1037 1100 1262 1152; x_wconf 88' lang='lat' dir='ltr'>mittunt</span> <span class='ocrx_word' id='word_1_117' title='bbox 1308 1075 1439 1153; x_wconf 66' lang='lat' dir='ltr'>duos</span> <span class='ocrx_word' id='word_1_118' title='bbox 1481 1101 1672 1154; x_wconf 86' lang='lat' dir='ltr'>Aiaces</span> <span class='ocrx_word' id='word_1_119' title='bbox 1709 1101 1838 1154; x_wconf 93' lang='lat' dir='ltr'>Dio-</span> 
     </span>
     <span class='ocr_line' id='line_1_22' title="bbox 159 1169 1835 1240; baseline 0.002 -19"><span class='ocrx_word' id='word_1_120' title='bbox 159 1182 201 1216; x_wconf 82' lang='lat'>15</span> <span class='ocrx_word' id='word_1_121' title='bbox 223 1170 414 1222; x_wconf 91' lang='lat' dir='ltr'>meden</span> <span class='ocrx_word' id='word_1_122' title='bbox 452 1172 611 1238; x_wconf 89' lang='lat' dir='ltr'>atque</span> <span class='ocrx_word' id='word_1_123' title='bbox 652 1169 875 1223; x_wconf 84' lang='lat' dir='ltr'>Ulixen:</span> <span class='ocrx_word' id='word_1_124' title='bbox 913 1170 1076 1238; x_wconf 88' lang='lat' dir='ltr'>hique</span> <span class='ocrx_word' id='word_1_125' title='bbox 1114 1170 1256 1222; x_wconf 89' lang='lat' dir='ltr'>inter</span> <span class='ocrx_word' id='word_1_126' title='bbox 1294 1188 1348 1222; x_wconf 92' lang='lat' dir='ltr'>se</span> <span class='ocrx_word' id='word_1_127' title='bbox 1386 1171 1690 1240; x_wconf 83' lang='lat' dir='ltr'>regionem,</span> <span class='ocrx_word' id='word_1_128' title='bbox 1730 1190 1835 1240; x_wconf 90' lang='lat' dir='ltr'>qua</span> 
     </span>
     <span class='ocr_line' id='line_1_23' title="bbox 220 1240 1838 1309; baseline 0.001 -17"><span class='ocrx_word' id='word_1_129' title='bbox 220 1240 395 1292; x_wconf 91' lang='lat' dir='ltr'>aditus</span> <span class='ocrx_word' id='word_1_130' title='bbox 413 1240 659 1293; x_wconf 90' lang='lat' dir='ltr'>hostibus</span> <span class='ocrx_word' id='word_1_131' title='bbox 686 1244 814 1309; x_wconf 90' lang='lat' dir='ltr'>erat,</span> <span class='ocrx_word' id='word_1_132' title='bbox 843 1240 1181 1308; x_wconf 90' lang='lat' dir='ltr'>dispertiunt.</span> <span class='ocrx_word' id='word_1_133' title='bbox 1230 1258 1365 1308; x_wconf 88' lang='lat' dir='ltr'>quae</span> <span class='ocrx_word' id='word_1_134' title='bbox 1392 1259 1476 1293; x_wconf 89' lang='lat' dir='ltr'>res</span> <span class='ocrx_word' id='word_1_135' title='bbox 1501 1259 1615 1294; x_wconf 90' lang='lat' dir='ltr'>non</span> <span class='ocrx_word' id='word_1_136' title='bbox 1638 1241 1838 1294; x_wconf 86' lang='lat' dir='ltr'>frustra</span> 
     </span>
     <span class='ocr_line' id='line_1_24' title="bbox 220 1310 1838 1379; baseline 0.002 -17"><span class='ocrx_word' id='word_1_137' title='bbox 220 1328 311 1363; x_wconf 91' lang='lat' dir='ltr'>eos</span> <span class='ocrx_word' id='word_1_138' title='bbox 348 1311 553 1363; x_wconf 89' lang='lat' dir='ltr'>habuit.</span> <span class='ocrx_word' id='word_1_139' title='bbox 638 1329 870 1379; x_wconf 90' lang='lat' dir='ltr'>namque</span> <span class='ocrx_word' id='word_1_140' title='bbox 921 1310 1062 1379; x_wconf 89' lang='lat' dir='ltr'>apud</span> <span class='ocrx_word' id='word_1_141' title='bbox 1109 1310 1326 1363; x_wconf 87' lang='lat' dir='ltr'>Troiam</span> <span class='ocrx_word' id='word_1_142' title='bbox 1372 1310 1575 1364; x_wconf 91' lang='lat' dir='ltr'>Hector</span> <span class='ocrx_word' id='word_1_143' title='bbox 1622 1329 1838 1365; x_wconf 87' lang='lat' dir='ltr'>causam</span> 
     </span>
     <span class='ocr_line' id='line_1_25' title="bbox 218 1381 1837 1450; baseline 0.001 -18"><span class='ocrx_word' id='word_1_144' title='bbox 218 1381 480 1433; x_wconf 90' lang='lat' dir='ltr'>tumultus</span> <span class='ocrx_word' id='word_1_145' title='bbox 520 1399 706 1433; x_wconf 89' lang='lat' dir='ltr'>eorum</span> <span class='ocrx_word' id='word_1_146' title='bbox 753 1381 975 1449; x_wconf 91' lang='lat' dir='ltr'>cupidus</span> <span class='ocrx_word' id='word_1_147' title='bbox 1013 1381 1355 1450; x_wconf 88' lang='lat' dir='ltr'>persciscere,</span> <span class='ocrx_word' id='word_1_148' title='bbox 1400 1381 1572 1434; x_wconf 86' lang='lat' dir='ltr'>filium</span> <span class='ocrx_word' id='word_1_149' title='bbox 1607 1381 1837 1435; x_wconf 85' lang='lat' dir='ltr'>Eumedi</span> 
     </span>
     <span class='ocr_line' id='line_1_26' title="bbox 218 1450 1835 1520; baseline 0.001 -18"><span class='ocrx_word' id='word_1_150' title='bbox 218 1450 487 1504; x_wconf 91' lang='lat' dir='ltr'>Dolonem</span> <span class='ocrx_word' id='word_1_151' title='bbox 534 1451 717 1504; x_wconf 91' lang='lat' dir='ltr'>multis</span> <span class='ocrx_word' id='word_1_152' title='bbox 754 1451 1006 1520; x_wconf 89' lang='lat' dir='ltr'>praemiis</span> <span class='ocrx_word' id='word_1_153' title='bbox 1040 1451 1422 1520; x_wconf 87' lang='lat' dir='ltr'>promissisque</span> <span class='ocrx_word' id='word_1_154' title='bbox 1471 1452 1728 1505; x_wconf 91' lang='lat' dir='ltr'>inlectum</span> <span class='ocrx_word' id='word_1_155' title='bbox 1766 1451 1835 1505; x_wconf 89' lang='lat' dir='ltr'>ad</span> 
     </span>
     <span class='ocr_line' id='line_1_27' title="bbox 153 1520 1835 1602; baseline 0.001 -29"><span class='ocrx_word' id='word_1_156' title='bbox 153 1535 196 1567; x_wconf 83' lang='lat'>20</span> <span class='ocrx_word' id='word_1_157' title='bbox 218 1524 548 1589; x_wconf 88' lang='lat' dir='ltr'>postremum</span> <span class='ocrx_word' id='word_1_158' title='bbox 585 1522 666 1574; x_wconf 88' lang='lat' dir='ltr'>uti</span> <span class='ocrx_word' id='word_1_159' title='bbox 704 1523 1041 1590; x_wconf 86' lang='lat' dir='ltr'>exploratum</span> <span class='ocrx_word' id='word_1_160' title='bbox 1078 1539 1160 1573; x_wconf 89' lang='lat' dir='ltr'>res</span> <span class='ocrx_word' id='word_1_161' title='bbox 1198 1520 1524 1574; x_wconf 82' lang='lat' dir='ltr'>Graecorum</span> <span class='ocrx_word' id='word_1_162' title='bbox 1562 1521 1835 1602; x_wconf 79' lang='lat' dir='ltr'>egredere-</span> 
     </span>
    </p>
   </div>
   <div class='ocr_carea' id='block_1_6' title="bbox 218 1591 1918 1663">
    <p class='ocr_par' dir='ltr' id='par_1_10' title="bbox 218 1591 1918 1663">
     <span class='ocr_line' id='line_1_28' title="bbox 218 1591 1918 1663; baseline 0.002 -20"><span class='ocrx_word' id='word_1_163' title='bbox 218 1595 308 1643; x_wconf 90' lang='lat' dir='ltr'>tur</span> <span class='ocrx_word' id='word_1_164' title='bbox 344 1592 535 1644; x_wconf 87' lang='lat' dir='ltr'>mittit:</span> <span class='ocrx_word' id='word_1_165' title='bbox 574 1592 724 1660; x_wconf 90' lang='lat' dir='ltr'>isque</span> <span class='ocrx_word' id='word_1_166' title='bbox 750 1610 860 1645; x_wconf 91' lang='lat' dir='ltr'>non</span> <span class='ocrx_word' id='word_1_167' title='bbox 899 1592 1059 1662; x_wconf 92' lang='lat' dir='ltr'>longe</span> <span class='ocrx_word' id='word_1_168' title='bbox 1097 1610 1129 1644; x_wconf 89' lang='lat' dir='ltr'>a</span> <span class='ocrx_word' id='word_1_169' title='bbox 1163 1592 1391 1644; x_wconf 87' lang='lat' dir='ltr'>navibus</span> <span class='ocrx_word' id='word_1_170' title='bbox 1426 1591 1612 1645; x_wconf 88' lang='lat' dir='ltr'>avidus</span> <span class='ocrx_word' id='word_1_171' title='bbox 1648 1610 1838 1663; x_wconf 78' lang='lat' dir='ltr'>lgnara</span> <span class='ocrx_word' id='word_1_172' title='bbox 1916 1616 1918 1618; x_wconf 93' lang='lat'>·</span> 
     </span>
    </p>
   </div>
   <div class='ocr_carea' id='block_1_7' title="bbox 157 1661 1836 2224">
    <p class='ocr_par' dir='ltr' id='par_1_11' title="bbox 219 1661 1834 1731">
     <span class='ocr_line' id='line_1_29' title="bbox 219 1661 1834 1731; baseline 0.001 -17"><span class='ocrx_word' id='word_1_173' title='bbox 219 1661 602 1731; x_wconf 86' lang='lat' dir='ltr'>cognoscendi,</span> <span class='ocrx_word' id='word_1_174' title='bbox 642 1662 768 1714; x_wconf 91' lang='lat' dir='ltr'>dum</span> <span class='ocrx_word' id='word_1_175' title='bbox 805 1663 954 1730; x_wconf 89' lang='lat' dir='ltr'>cupit</span> <span class='ocrx_word' id='word_1_176' title='bbox 991 1662 1221 1730; x_wconf 91' lang='lat' dir='ltr'>suscepti</span> <span class='ocrx_word' id='word_1_177' title='bbox 1250 1663 1458 1731; x_wconf 90' lang='lat' dir='ltr'>negotii</span> <span class='ocrx_word' id='word_1_178' title='bbox 1493 1662 1655 1715; x_wconf 90' lang='lat' dir='ltr'>fidem</span> <span class='ocrx_word' id='word_1_179' title='bbox 1691 1680 1834 1716; x_wconf 91' lang='lat' dir='ltr'>com-</span> 
     </span>
    </p>

    <p class='ocr_par' dir='ltr' id='par_1_12' title="bbox 218 1731 1836 1800">
     <span class='ocr_line' id='line_1_30' title="bbox 218 1731 1836 1800; baseline 0.002 -17"><span class='ocrx_word' id='word_1_180' title='bbox 218 1732 390 1800; x_wconf 88' lang='lat' dir='ltr'>plere,</span> <span class='ocrx_word' id='word_1_181' title='bbox 447 1733 506 1784; x_wconf 91' lang='lat' dir='ltr'>in</span> <span class='ocrx_word' id='word_1_182' title='bbox 560 1750 750 1785; x_wconf 90' lang='lat' dir='ltr'>manus</span> <span class='ocrx_word' id='word_1_183' title='bbox 797 1731 1100 1800; x_wconf 82' lang='lat' dir='ltr'>DiomediS,</span> <span class='ocrx_word' id='word_1_184' title='bbox 1159 1732 1251 1800; x_wconf 94' lang='lat' dir='ltr'>qui</span> <span class='ocrx_word' id='word_1_185' title='bbox 1314 1750 1435 1784; x_wconf 91' lang='lat' dir='ltr'>eum</span> <span class='ocrx_word' id='word_1_186' title='bbox 1489 1732 1667 1785; x_wconf 91' lang='lat' dir='ltr'>locum</span> <span class='ocrx_word' id='word_1_187' title='bbox 1715 1746 1836 1789; x_wconf 73' lang='lat' dir='ltr'>cum</span> 
     </span>
    </p>

    <p class='ocr_par' dir='ltr' id='par_1_13' title="bbox 157 1801 1834 1941">
     <span class='ocr_line' id='line_1_31' title="bbox 220 1801 1834 1872; baseline 0.002 -19"><span class='ocrx_word' id='word_1_188' title='bbox 220 1801 379 1854; x_wconf 87' lang='lat' dir='ltr'>Ulixe</span> <span class='ocrx_word' id='word_1_189' title='bbox 418 1802 774 1871; x_wconf 82' lang='lat' dir='ltr'>custodiebat,</span> <span class='ocrx_word' id='word_1_190' title='bbox 815 1802 1052 1855; x_wconf 88' lang='lat' dir='ltr'>devenit:</span> <span class='ocrx_word' id='word_1_191' title='bbox 1101 1819 1162 1854; x_wconf 89' lang='lat' dir='ltr'>ac</span> <span class='ocrx_word' id='word_1_192' title='bbox 1208 1819 1334 1855; x_wconf 87' lang='lat' dir='ltr'>mox</span> <span class='ocrx_word' id='word_1_193' title='bbox 1371 1803 1437 1854; x_wconf 91' lang='lat' dir='ltr'>ab</span> <span class='ocrx_word' id='word_1_194' title='bbox 1476 1803 1559 1855; x_wconf 92' lang='lat' dir='ltr'>his</span> <span class='ocrx_word' id='word_1_195' title='bbox 1597 1820 1834 1872; x_wconf 88' lang='lat' dir='ltr'>compre-</span> 
     </span>
     <span class='ocr_line' id='line_1_32' title="bbox 157 1872 1362 1941; baseline 0.001 -17"><span class='ocrx_word' id='word_1_196' title='bbox 157 1884 200 1918; x_wconf 86' lang='lat'>25</span> <span class='ocrx_word' id='word_1_197' title='bbox 222 1872 421 1925; x_wconf 90' lang='lat' dir='ltr'>hensus</span> <span class='ocrx_word' id='word_1_198' title='bbox 458 1873 624 1925; x_wconf 85' lang='lat' dir='ltr'>refert</span> <span class='ocrx_word' id='word_1_199' title='bbox 661 1876 854 1925; x_wconf 88' lang='lat' dir='ltr'>cuncta</span> <span class='ocrx_word' id='word_1_200' title='bbox 890 1875 1049 1941; x_wconf 91' lang='lat' dir='ltr'>atque</span> <span class='ocrx_word' id='word_1_201' title='bbox 1089 1872 1362 1925; x_wconf 90' lang='lat' dir='ltr'>occiditur.</span> 
     </span>
    </p>

    <p class='ocr_par' dir='ltr' id='par_1_14' title="bbox 219 1942 1836 2224">
     <span class='ocr_line' id='line_1_33' title="bbox 362 1942 1835 2010; baseline 0.001 -15"><span class='ocrx_word' id='word_1_202' title='bbox 362 1943 667 1996; x_wconf 88' lang='lat' dir='ltr'>XXXVIII.</span> <span class='ocrx_word' id='word_1_203' title='bbox 741 1943 884 1996; x_wconf 91' lang='lat' dir='ltr'>Dein</span> <span class='ocrx_word' id='word_1_204' title='bbox 934 1943 1117 1995; x_wconf 85' lang='lat' dir='ltr'>diebus</span> <span class='ocrx_word' id='word_1_205' title='bbox 1166 1942 1373 2010; x_wconf 90' lang='lat' dir='ltr'>aliquot</span> <span class='ocrx_word' id='word_1_206' title='bbox 1427 1943 1486 1995; x_wconf 91' lang='lat' dir='ltr'>in</span> <span class='ocrx_word' id='word_1_207' title='bbox 1536 1944 1646 1996; x_wconf 91' lang='lat' dir='ltr'>otio</span> <span class='ocrx_word' id='word_1_208' title='bbox 1694 1944 1835 1996; x_wconf 88' lang='lat' dir='ltr'>tritis</span> 
     </span>
     <span class='ocr_line' id='line_1_34' title="bbox 219 2013 1833 2083; baseline 0 -17"><span class='ocrx_word' id='word_1_209' title='bbox 219 2013 499 2083; x_wconf 89' lang='lat' dir='ltr'>productio</span> <span class='ocrx_word' id='word_1_210' title='bbox 538 2014 815 2082; x_wconf 89' lang='lat' dir='ltr'>utriusque</span> <span class='ocrx_word' id='word_1_211' title='bbox 855 2013 1116 2066; x_wconf 85' lang='lat' dir='ltr'>exercitus</span> <span class='ocrx_word' id='word_1_212' title='bbox 1142 2016 1515 2081; x_wconf 87' lang='lat' dir='ltr'>praeparatur:</span> <span class='ocrx_word' id='word_1_213' title='bbox 1555 2013 1833 2082; x_wconf 85' lang='lat' dir='ltr'>divisoque</span> 
     </span>
     <span class='ocr_line' id='line_1_35' title="bbox 219 2082 1832 2152; baseline 0 -16"><span class='ocrx_word' id='word_1_214' title='bbox 219 2085 362 2136; x_wconf 89' lang='lat' dir='ltr'>inter</span> <span class='ocrx_word' id='word_1_215' title='bbox 398 2102 452 2136; x_wconf 91' lang='lat' dir='ltr'>se</span> <span class='ocrx_word' id='word_1_216' title='bbox 491 2101 705 2152; x_wconf 86' lang='lat' dir='ltr'>campo,</span> <span class='ocrx_word' id='word_1_217' title='bbox 746 2085 839 2152; x_wconf 90' lang='lat' dir='ltr'>qui</span> <span class='ocrx_word' id='word_1_218' title='bbox 876 2084 1081 2136; x_wconf 91' lang='lat' dir='ltr'>medius</span> <span class='ocrx_word' id='word_1_219' title='bbox 1118 2083 1260 2135; x_wconf 88' lang='lat' dir='ltr'>inter</span> <span class='ocrx_word' id='word_1_220' title='bbox 1288 2082 1505 2136; x_wconf 87' lang='lat' dir='ltr'>Troiam</span> <span class='ocrx_word' id='word_1_221' title='bbox 1542 2086 1702 2152; x_wconf 79' lang='lat' dir='ltr'>atque</span> <span class='ocrx_word' id='word_1_222' title='bbox 1740 2102 1832 2136; x_wconf 90' lang='lat' dir='ltr'>na-</span> 
     </span>
     <span class='ocr_line' id='line_1_36' title="bbox 223 2153 1836 2224; baseline 0 -18"><span class='ocrx_word' id='word_1_223' title='bbox 223 2172 311 2207; x_wconf 88' lang='lat' dir='ltr'>ves</span> <span class='ocrx_word' id='word_1_224' title='bbox 348 2155 644 2222; x_wconf 88' lang='lat' dir='ltr'>interiacet,</span> <span class='ocrx_word' id='word_1_225' title='bbox 683 2155 775 2205; x_wconf 87' lang='lat' dir='ltr'>ubi</span> <span class='ocrx_word' id='word_1_226' title='bbox 812 2158 1023 2222; x_wconf 89' lang='lat' dir='ltr'>tempus</span> <span class='ocrx_word' id='word_1_227' title='bbox 1048 2153 1283 2205; x_wconf 87' lang='lat' dir='ltr'>bellandi</span> <span class='ocrx_word' id='word_1_228' title='bbox 1309 2153 1602 2222; x_wconf 87' lang='lat' dir='ltr'>videbatur,</span> <span class='ocrx_word' id='word_1_229' title='bbox 1639 2170 1836 2224; x_wconf 89' lang='lat' dir='ltr'>magna</span> 
     </span>
    </p>
   </div>
   <div class='ocr_carea' id='block_1_8' title="bbox 145 2224 1885 2293">
    <p class='ocr_par' dir='ltr' id='par_1_15' title="bbox 145 2224 1885 2293">
     <span class='ocr_line' id='line_1_37' title="bbox 145 2224 1885 2293; baseline 0.002 -16"><span class='ocrx_word' id='word_1_230' title='bbox 145 2238 199 2271; x_wconf 77' lang='lat'>-30</span> <span class='ocrx_word' id='word_1_231' title='bbox 222 2243 348 2277; x_wconf 91' lang='lat' dir='ltr'>cura</span> <span class='ocrx_word' id='word_1_232' title='bbox 383 2225 663 2277; x_wconf 85' lang='lat' dir='ltr'>universus</span> <span class='ocrx_word' id='word_1_233' title='bbox 701 2224 854 2276; x_wconf 91' lang='lat' dir='ltr'>miles</span> <span class='ocrx_word' id='word_1_234' title='bbox 891 2224 1182 2276; x_wconf 89' lang='lat' dir='ltr'>instructus</span> <span class='ocrx_word' id='word_1_235' title='bbox 1210 2224 1367 2276; x_wconf 89' lang='lat' dir='ltr'>armis</span> <span class='ocrx_word' id='word_1_236' title='bbox 1406 2224 1673 2292; x_wconf 87' lang='lat' dir='ltr'>utrimque</span> <span class='ocrx_word' id='word_1_237' title='bbox 1711 2241 1832 2293; x_wconf 89' lang='lat' dir='ltr'>pro·</span> <span class='ocrx_word' id='word_1_238' title='bbox 1883 2279 1885 2281; x_wconf 82' lang='grc'><em>,</em></span> 
     </span>
    </p>
   </div>
   <div class='ocr_carea' id='block_1_9' title="bbox 158 2293 1834 2784">
    <p class='ocr_par' dir='ltr' id='par_1_16' title="bbox 158 2293 1834 2784">
     <span class='ocr_line' id='line_1_38' title="bbox 221 2293 1831 2364; baseline -0.001 -17"><span class='ocrx_word' id='word_1_239' title='bbox 221 2296 419 2347; x_wconf 88' lang='lat' dir='ltr'>cedere.</span> <span class='ocrx_word' id='word_1_240' title='bbox 484 2295 607 2347; x_wconf 92' lang='lat' dir='ltr'>dein</span> <span class='ocrx_word' id='word_1_241' title='bbox 644 2294 798 2364; x_wconf 90' lang='lat' dir='ltr'>signo</span> <span class='ocrx_word' id='word_1_242' title='bbox 827 2293 950 2346; x_wconf 90' lang='lat' dir='ltr'>dato</span> <span class='ocrx_word' id='word_1_243' title='bbox 979 2293 1212 2346; x_wconf 90' lang='lat' dir='ltr'>densatis</span> <span class='ocrx_word' id='word_1_244' title='bbox 1249 2293 1518 2347; x_wconf 87' lang='lat' dir='ltr'>frontibus</span> <span class='ocrx_word' id='word_1_245' title='bbox 1545 2294 1831 2347; x_wconf 86' lang='lat' dir='ltr'>conflixere</span> 
     </span>
     <span class='ocr_line' id='line_1_39' title="bbox 219 2364 1834 2434; baseline -0.001 -16"><span class='ocrx_word' id='word_1_246' title='bbox 219 2366 358 2418; x_wconf 89' lang='lat' dir='ltr'>acies</span> <span class='ocrx_word' id='word_1_247' title='bbox 369 2407 382 2433; x_wconf 93' lang='lat'>,</span> <span class='ocrx_word' id='word_1_248' title='bbox 433 2365 726 2434; x_wconf 91' lang='lat' dir='ltr'>composite</span> <span class='ocrx_word' id='word_1_249' title='bbox 779 2364 995 2416; x_wconf 81' lang='lat' dir='ltr'>Graecis</span> <span class='ocrx_word' id='word_1_250' title='bbox 1050 2381 1110 2416; x_wconf 90' lang='lat' dir='ltr'>ac</span> <span class='ocrx_word' id='word_1_251' title='bbox 1157 2364 1383 2432; x_wconf 92' lang='lat' dir='ltr'>singulis</span> <span class='ocrx_word' id='word_1_252' title='bbox 1439 2382 1538 2432; x_wconf 86' lang='lat' dir='ltr'>per</span> <span class='ocrx_word' id='word_1_253' title='bbox 1587 2364 1834 2416; x_wconf 85' lang='lat' dir='ltr'>distribu-</span> 
     </span>
     <span class='ocr_line' id='line_1_40' title="bbox 218 2434 1832 2504; baseline -0.001 -17"><span class='ocrx_word' id='word_1_254' title='bbox 218 2438 424 2488; x_wconf 88' lang='lat' dir='ltr'>tionem</span> <span class='ocrx_word' id='word_1_255' title='bbox 469 2435 694 2504; x_wconf 88' lang='lat' dir='ltr'>imperia</span> <span class='ocrx_word' id='word_1_256' title='bbox 740 2434 933 2487; x_wconf 89' lang='lat' dir='ltr'>ducum</span> <span class='ocrx_word' id='word_1_257' title='bbox 992 2434 1424 2502; x_wconf 82' lang='lat' dir='ltr'>exsequentibuS,</span> <span class='ocrx_word' id='word_1_258' title='bbox 1483 2436 1671 2487; x_wconf 88' lang='lat' dir='ltr'>contra</span> <span class='ocrx_word' id='word_1_259' title='bbox 1718 2434 1832 2486; x_wconf 86' lang='lat' dir='ltr'>sine</span> 
     </span>
     <span class='ocr_line' id='line_1_41' title="bbox 219 2504 1834 2574; baseline -0.001 -16"><span class='ocrx_word' id='word_1_260' title='bbox 219 2505 379 2558; x_wconf 93' lang='lat' dir='ltr'>modo</span> <span class='ocrx_word' id='word_1_261' title='bbox 417 2508 576 2574; x_wconf 88' lang='lat' dir='ltr'>atque</span> <span class='ocrx_word' id='word_1_262' title='bbox 616 2505 800 2558; x_wconf 89' lang='lat' dir='ltr'>ordine</span> <span class='ocrx_word' id='word_1_263' title='bbox 845 2504 1084 2557; x_wconf 88' lang='lat' dir='ltr'>barbaris</span> <span class='ocrx_word' id='word_1_264' title='bbox 1132 2504 1427 2556; x_wconf 88' lang='lat' dir='ltr'>ruentibus.</span> <span class='ocrx_word' id='word_1_265' title='bbox 1504 2507 1736 2556; x_wconf 89' lang='lat' dir='ltr'>ceterum</span> <span class='ocrx_word' id='word_1_266' title='bbox 1775 2504 1834 2556; x_wconf 92' lang='lat' dir='ltr'>in</span> 
     </span>
     <span class='ocr_line' id='line_1_42' title="bbox 158 2573 1830 2645; baseline -0.002 -17"><span class='ocrx_word' id='word_1_267' title='bbox 158 2587 200 2621; x_wconf 75' lang='lat'>35</span> <span class='ocrx_word' id='word_1_268' title='bbox 223 2594 285 2628; x_wconf 89' lang='lat' dir='ltr'>ea</span> <span class='ocrx_word' id='word_1_269' title='bbox 320 2592 505 2645; x_wconf 89' lang='lat' dir='ltr'>pugna</span> <span class='ocrx_word' id='word_1_270' title='bbox 541 2576 811 2628; x_wconf 87' lang='lat' dir='ltr'>interfecti</span> <span class='ocrx_word' id='word_1_271' title='bbox 849 2575 1123 2642; x_wconf 87' lang='lat' dir='ltr'>utriusque</span> <span class='ocrx_word' id='word_1_272' title='bbox 1161 2574 1327 2642; x_wconf 86' lang='lat' dir='ltr'>partis</span> <span class='ocrx_word' id='word_1_273' title='bbox 1365 2574 1523 2626; x_wconf 92' lang='lat' dir='ltr'>multi</span> <span class='ocrx_word' id='word_1_274' title='bbox 1559 2573 1830 2642; x_wconf 85' lang='lat' dir='ltr'>mortales,</span> 
     </span>
     <span class='ocr_line' id='line_1_43' title="bbox 221 2643 1832 2714; baseline -0.001 -16"><span class='ocrx_word' id='word_1_275' title='bbox 221 2664 342 2698; x_wconf 91' lang='lat' dir='ltr'>cum</span> <span class='ocrx_word' id='word_1_276' title='bbox 366 2663 540 2714; x_wconf 92' lang='lat' dir='ltr'>neque</span> <span class='ocrx_word' id='word_1_277' title='bbox 578 2646 902 2698; x_wconf 90' lang='lat' dir='ltr'>instantibus</span> <span class='ocrx_word' id='word_1_278' title='bbox 929 2644 1200 2696; x_wconf 87' lang='lat' dir='ltr'>cederetur</span> <span class='ocrx_word' id='word_1_279' title='bbox 1229 2646 1281 2696; x_wconf 92' lang='lat' dir='ltr'>et</span> <span class='ocrx_word' id='word_1_280' title='bbox 1307 2643 1550 2711; x_wconf 84' lang='lat' dir='ltr'>exemplo</span> <span class='ocrx_word' id='word_1_281' title='bbox 1579 2644 1832 2696; x_wconf 84' lang='lat' dir='ltr'>strenuis-</span> 
     </span>
     <span class='ocr_line' id='line_1_44' title="bbox 220 2713 1833 2784; baseline -0.001 -17"><span class='ocrx_word' id='word_1_282' title='bbox 220 2716 342 2767; x_wconf 85' lang='lat' dir='ltr'>simi</span> <span class='ocrx_word' id='word_1_283' title='bbox 389 2717 667 2784; x_wconf 90' lang='lat' dir='ltr'>cuiusque,</span> <span class='ocrx_word' id='word_1_284' title='bbox 721 2717 813 2784; x_wconf 90' lang='lat' dir='ltr'>qui</span> <span class='ocrx_word' id='word_1_285' title='bbox 860 2716 1009 2767; x_wconf 85' lang='lat' dir='ltr'>iuxta</span> <span class='ocrx_word' id='word_1_286' title='bbox 1064 2717 1282 2766; x_wconf 86' lang='lat' dir='ltr'>steterat</span> <span class='ocrx_word' id='word_1_287' title='bbox 1328 2715 1672 2782; x_wconf 90' lang='lat' dir='ltr'>aequiperare</span> <span class='ocrx_word' id='word_1_288' title='bbox 1720 2713 1833 2783; x_wconf 84' lang='lat' dir='ltr'>glo·</span> 
     </span>
    </p>
   </div>
   <div class='ocr_carea' id='block_1_10' title="bbox 337 2844 716 2888">
    <p class='ocr_par' dir='ltr' id='par_1_17' title="bbox 337 2844 716 2888">
     <span class='ocr_line' id='line_1_45' title="bbox 337 2844 716 2888; baseline 0.011 -4"><span class='ocrx_word' id='word_1_289' title='bbox 337 2845 388 2885; x_wconf 89' lang='grc'>18</span> <span class='ocrx_word' id='word_1_290' title='bbox 422 2844 587 2886; x_wconf 89' lang='lat' dir='ltr'>eumeli</span> <span class='ocrx_word' id='word_1_291' title='bbox 624 2845 716 2888; x_wconf 81' lang='lat' dir='ltr'>GB.</span> 
     </span>
    </p>
   </div>
  </div>
 </body>
</html>
