1956 3178
213 179 332 217 XXX
829 157 1247 203 PRAEFATIO.

214 283 282 334 ad
319 282 539 334 verbum
577 280 866 348 rescripsit,
902 297 1074 347 pauca
1112 278 1218 330 alia
1257 277 1474 346 addidit,
1511 280 1573 330 ut
1595 280 1875 334 somniumz

212 355 487 422 Hecubae,
527 371 764 407 amorem
802 352 1009 405 Paridis
1050 355 1104 404 et
1142 351 1415 419 Oenonae,
1468 351 1650 404 dolum
1686 349 1870 408 Ulixis

212 430 270 481 in
316 429 438 481 aula
482 427 794 496 Lycomedis
835 426 898 478 de
936 426 1146 479 Achille
1194 425 1510 493 adhibitum,
1564 424 1670 477 alia
1706 439 1878 495 praekv.
1920 455 1936 469 „

213 503 365 571 cipue
403 519 539 590 quae
577 501 700 553 fidei
726 499 1063 553 Christianae
1101 500 1476 568 repugnabant
1505 499 1746 552 mutavit
1773 497 1870 572 (ut.
1934 500 1956 542 ³²:

211 577 418 628 verba
400 595 430 627 a
453 576 505 627 la
545 575 726 627 deesse
749 573 926 626 Diana
963 575 1021 626 in
1057 594 1121 642 „a
1145 577 1256 626 cest
1287 573 1460 625 diable
1485 573 1595 626 dict
1615 571 1876 646 Dyana“):

211 650 290 701 ita
327 652 523 718 tamen,
552 652 612 700 ut
635 649 937 717 ubicunque
976 616 1254 700 Beiiedicti
1291 664 1489 699 nomen
1525 647 1583 699 in
1621 648 1856 702 carmine
1915 642 1930 692 s

212 723 331 791 ipso
365 691 622 806 scriptum
662 726 775 774 erat
798 722 900 774 1100
926 722 1123 774 (1616161
1147 725 1199 773 61
1222 738 1319 789 pro
1345 739 1407 774 eo
1434 739 1590 773 suum
1620 725 1864 790 poneret

359 795 564 848 Deinde
603 797 659 848 in
684 796 797 849 cod.
836 796 963 847 bibl.
1001 795 1146 864 publ.
1171 794 1339 847 Paris,
1378 812 1504 846 msc.
1530 793 1593 847 fr.
1617 812 1669 847 n.
1694 794 1859 869 821².)

214 887 346 922 saec.
395 869 523 921 XIV
569 870 659 922 fol.
719 872 819 921 1-
830 870 896 920 12
947 870 1087 922 1988
1136 869 1377 921 versibus
1434 868 1550 920 sine
1579 868 1757 938 dubie,
1795 873 1861 923 ut

210 944 402 995 lacuna
459 943 715 995 histoiiae
776 943 1095 1011 expleretur,
1157 942 1405 994 iuventus
1458 941 1706 995 Hectoris
1769 943 1857 996 de-

212 1017 461 1068 sciibitur
515 1017 604 1085 qui
658 1016 887 1068 Hercule
941 1020 1130 1068 necato
1185 1018 1412 1068 mortem
1471 1015 1857 1069 Laomedontis

212 1090 297 1142 avi
338 1090 418 1142 sui
457 1090 729 1142 ulciscitur
769 1093 926 1158 atque
966 1090 1023 1140 in
1063 1089 1248 1142 eodem
1286 1089 1446 1158 libro,
1491 1090 1550 1140 in
1589 1107 1694 1158 quo
1735 1107 1862 1143 cum

1926 994 1935 1027 ,1,

1942 1002 1956 1165 -.mn-‘arinca
1951 889 1956 927 ψ..
1952 818 1956 866 ..,
1950 738 1952 742 ἡ
1951 699 1956 705 .

212 1163 316 1215 alia
364 1167 479 1215 tum
529 1163 619 1215 fol.
661 1163 911 1215 82-251
964 1164 1042 1229 ,,16
1083 1163 1293 1215 Roman
1344 1162 1407 1214 de
1447 1162 1665 1215 Troies“
1713 1164 1855 1216 inter

210 1237 518 1304 „historiam
543 1236 896 1289 Troianorum
936 1254 1222 1306 eorumque
1246 1235 1607 1288 coloniarum“
1644 1239 1699 1289 et
1718 1235 1856 1306 „Da-

210 1311 338 1362 retis
378 1310 659 1362 historiam
697 1310 933 1378 Philippi
972 1314 1024 1362 et
1062 1309 1385 1362 Alexandri“
1427 1310 1712 1379 reperitur,
1763 1309 1875 1373 101.»

212 1384 391 1436 264-
395 1384 502 1436 269
528 1384 774 1452 prosaica
811 1385 1049 1436 narratio
1091 1388 1171 1436 est
1206 1402 1415 1451 „rerum
1454 1386 1727 1454 gestarum
1755 1384 1856 1437 filii

210 1456 460 1510 Hectoris
505 1456 884 1524 Landomata‘ss
938 1458 1165 1525 repetita
1210 1458 1268 1508 in
1307 1457 1874 1542 00111178501166·

211 1549 331 1583 cum
371 1531 604 1583 carmine
628 1499 905 1583 Benedicti
936 1532 1201 1583 artissime
1228 1531 1476 1583 cohaeret
1515 1531 1607 1583 sed
1644 1530 1855 1584 minimi
1952 1559 1956 1567 ·

209 1623 272 1672 pi
277 1604 369 1655 etii
409 1608 505 1657 est.

354 1677 406 1729 A
446 1696 578 1730 saec.
603 1677 734 1729 XIII
758 1678 1034 1730 Benedicti
1067 1697 1281 1731 carmen
1314 1679 1634 1747 aliquotiens
1666 1678 1858 1748 lingua

208 1751 452 1818 prosaica
489 1751 754 1803 redditum
794 1749 926 1821 est2)
967 1755 1125 1820 atque
1163 1752 1427 1821 hodieque
1467 1755 1612 1804 extat
1634 1752 1692 1803 in
1726 1750 1894 1814 bibl„

207 1824 352 1891 publ.
391 1823 560 1876 PariS.
607 1825 718 1877 cod.
765 1843 816 1877 n.
860 1825 964 1877 785
1006 1843 1138 1877 saec.
1178 1825 1279 1878 XV
1319 1829 1372 1877 et
1409 1826 1592 1893 paucis
1630 1824 1857 1878 mutatis
1946 1841 1950 1844 ’

207 1899 265 1948 111
290 1897 401 1950 cod.
426 1915 478 1949 n.
507 1898 648 1950 1612
683 1916 816 1950 saec.
840 1897 984 1966 XIV,
1008 1917 1059 1949 n.
1097 1900 1234 1950 1627
1276 1917 1409 1950 saec.
1441 1897 1588 1966 XIII,
1619 1917 1670 1950 n.
1709 1899 1853 1951 1631
1927 1940 1929 1942 -

210 1974 368 2039 atque
415 1971 472 2022 in
520 1971 696 2024 codice
737 1972 828 2040 qui
865 1971 1137 2040 Petropoli
1175 1975 1476 2024 reservatur
1512 1990 1564 2024 n.
1609 1973 1676 2024 12
1717 1989 1862 2024 saec.

207 2042 322 2095 XV.
399 2044 660 2096 Auctores
711 2045 902 2096 harum
951 2046 1451 2113 interpretationum
1502 2063 1688 2097 omnes
1728 2045 1857 2098 data

209 2134 369 2184 opera
407 2117 462 2168 id
502 2122 739 2186 egerunt,
778 2122 838 2170 ut
878 2119 979 2170 sibi
1017 2119 1228 2171 laudem
1268 2118 1594 2171 inventionis
1618 2118 1854 2172 vindica·

206 2194 343 2257 rent,
381 2189 658 2243 Benedicti
694 2210 893 2243 nomen
930 2193 988 2244 in
1028 2193 1350 2245 oblivionem
1390 2192 1727 2245 adducerent.

354 2263 635 2316 Praeterea
685 2266 844 2316 etiam
896 2264 1245 2336 historiciss)
1284 2266 1386 2318 hoc
1426 2283 1558 2334 opus
1597 2266 1655 2317 in
1694 2283 1851 2318 suum
1933 2253 1956 2306 ‘'-

207 2355 364 2388 usum
427 2341 823 2405 converterunt,
881 2342 941 2390 ut
997 2340 1054 2390 in
1108 2339 1219 2391 cod.
1269 2358 1319 2391 n.
1361 2340 1466 2395 301
1528 2339 1654 2391 bibl.
1696 2337 1870 2408 *publq

206 2408 372 2462 Paris.
403 2410 533 2478 „Les
564 2411 724 2464 livres
759 2412 849 2463 des
882 2412 1148 2464 Histoires
1185 2413 1254 2464 du
1290 2415 1743 2465 commencement
1779 2411 1867 2464 du¹

207 2484 430 2535 monde“
473 2485 564 2537 fol.
610 2485 866 2537 25-165
905 2486 1083 2554 agitur
1137 2485 1199 2538 de
1238 2486 1463 2538 historia
1507 2484 1712 2553 Troiae,
1770 2485 1857 2538 ita

206 2559 266 2607 ut
306 2575 513 2609 summa
545 2577 666 2610 cum
704 2558 808 2610 fide
848 2577 910 2610 ea
949 2577 1082 2627 quae
1106 2558 1427 2611 Benedictus
1467 2558 1732 2610 cecinerat
1769 2575 1852 2611 16-

206 2634 469 2697 petantur,
509 2631 888 2700 descriptiones
926 2632 1049 2683 illae
1074 2631 1429 2684 Troianorum
1453 2634 1506 2683 et
1522 2631 1848 2686 Graecorum
1927 2630 1944 2678 ⁷.

206 2703 420 2770 ineptae
459 2704 758 2797 adiciantur
796 2724 856 2758 ac
879 2723 947 2757 ne
971 2709 1144 2757 vestes
1170 2705 1382 2774 quidem
1408 2705 1600 2774 quibus
1625 2705 1862 2757 vestitae.

330 2877 360 2930 ¹)
406 2877 513 2933 5015
551 2879 580 2921 Ῑ
627 2879 659 2921 l·
698 2894 741 2935 P·
783 2885 870 2924 410
914 2895 1012 2936 sqq·
1168 2879 1201 2936 2)
1252 2880 1360 2935 Joly
1402 2879 1432 2923 1.
1472 2879 1501 2923 l.
1534 2893 1579 2935 p.
1618 2883 1705 2923 417
1745 2892 1857 2934 sqq:
1899 2860 1956 2885 ⁵

207 2932 240 2989 ³)
273 2933 381 2989 Joly
411 2935 691 2992 11.-11423
725 2953 824 2993 sqq.
