1956 3178
22 0 282 115 w*

71 114 161 127 ἰ

22 147 29 151 .
42 119 78 155 ¹¹4·

579 111 768 155 sunm
797 110 1049 154 TROIANI
1077 109 1195 152 ms.
1226 110 1301 156 VI.
1656 107 1758 161 109

60 248 61 252 ’
140 240 428 293 cesserant.
491 236 672 306 itaque
706 237 934 289 Acastus
971 235 1064 288 ubi
1101 252 1157 288 se
1194 236 1406 303 praeter
1441 251 1591 302 spem
1627 234 1757 287 libe-

19 1459 54 1863 mmmmm·
26 1541 54 1546 1
35 1479 46 1499 1«
0 1051 66 1458 ssaat-nssi·ssf÷‚;.->2
3 967 5 970 v

27 3026 38 3034 ν
17 3003 30 3015 ·“
15 2005 53 2990 'EffWffiWJW-tWWWK-ff}
17 1879 47 1999 ''f-⁴225.

51 2827 58 2830 .
56 2687 68 2693 x
56 2492 58 2494 ⁴
55 2431 57 2433 .
54 1896 58 1902 ,

15 3087 39 3178 ’ff-'⁵'
17 3063 26 3066 ;
29 3039 32 3042 ,

39 3110 46 3115 1

140 311 319 362 ratum
354 307 747 376 animadvertit,
786 308 979 375 sponte
1018 309 1072 358 et
1108 306 1167 358 in
1204 305 1323 358 loco
1363 308 1556 358 cuncta
1598 306 1755 386 regni

142 377 503 448 Neoptolemo
540 377 719 431 tradit.
758 376 883 429 inde
920 376 1130 429 iuvenis
1157 394 1277 429 cum
1305 394 1406 428 avo
1444 393 1504 428 ac
1530 374 1756 429 Thetide

143 449 488 518 reliquisque,
525 447 618 517 qui
654 465 833 500 secum
858 447 1263 517 navigaverant,
1301 463 1565 499 summam
1601 447 1757 516 regni

141 519 368 588 adeptus
405 519 463 572 in
501 518 774 571 civitatem
811 518 975 570 venit,
1050 517 1127 570 ibi
1173 536 1206 570 a
1243 518 1448 570 cunctis
1485 517 1756 587 populari·
1778 530 1799 562 ⁵

141 590 241 643 bus
279 589 476 659 quique
513 588 662 641 iuxta
692 588 1058 641 inhabitantes
1095 589 1193 640 sub
1224 588 1449 657 imperio
1487 588 1600 641 eius
1635 605 1756 659 age—

141 660 288 729 bant,
325 659 557 730 benigne
595 662 650 711 et
683 676 805 712 cum
830 659 1191 729 gratulatione
1229 662 1481 728 exceptus
1519 677 1756 712 amorem

139 730 225 784 sui
261 730 411 783 brevi
448 729 745 782 confirmat.

280 799 348 852 X.
421 799 570 853 Haec
617 817 716 870 ego
765 802 957 852 cuncta
1012 800 1079 852 ab
1127 799 1489 868 Neoptolemo
1538 801 1758 870 cognita

140 869 276 923 mihi
312 871 599 924 memoriae
636 870 887 923 mandavi
934 871 1135 923 accitus
1172 871 1239 923 ab
1279 888 1368 939 e0,
1412 888 1520 939 qua
1554 874 1756 940 tempe-
1780 883 1821 915 10

143 943 282 994 state
328 940 679 994 Hermionam
727 940 960 994 Menelai
1015 942 1074 994 in
1129 941 1534 994 matrimonium
1582 959 1756 994 susce-

143 1014 314 1080 perat.
378 1012 445 1064 ab
484 1030 547 1064 eo
587 1011 749 1064 etiam
775 1011 838 1064 de
875 1012 1116 1081 reliquiis
1142 1010 1448 1064 Memnonis
1477 1012 1757 1082 cognitum

141 1081 301 1150 mihi,
349 1082 431 1135 uti
466 1082 664 1135 tradita
713 1101 834 1135 ossa
882 1082 995 1135 eius
1041 1082 1183 1151 apud
1219 1082 1467 1150 Paphum
1510 1083 1623 1150 his,
1664 1083 1757 1151 qui

139 1169 262 1205 cum
287 1151 532 1205 Pallante
571 1153 703 1205 duce
739 1152 1045 1206 Memnonis
1079 1171 1224 1206 mare
1270 1153 1337 1206 ad
1375 1152 1593 1206 Troiam
1635 1171 1757 1222 pro-

138 1222 267 1275 fecti
326 1222 545 1276 ductore
609 1223 893 1276 interfecto
962 1225 1246 1293 ablataque
1305 1223 1504 1293 praeda
1557 1224 1756 1276 ibidem
1781 1234 1821 1268 15

137 1294 512 1346 morabantur:
550 1298 716 1362 utque
748 1293 983 1363 Himera,
1023 1313 1184 1363 quam
1220 1294 1472 1347 nonnulli
1509 1297 1754 1347 materno

138 1364 358 1417 nomine
394 1363 671 1417 Hemeram
718 1365 1086 1434 appellabant,
1137 1383 1289 1418 soror
1335 1364 1640 1418 Memnonis
1688 1364 1756 1418 ad

140 1434 574 1505 investigandum
612 1434 836 1488 cadaver
871 1435 1053 1488 fratris
1092 1454 1154 1488 eo
1190 1435 1433 1504 profecta
1469 1439 1756 1504 postquam

138 1504 393 1573 reliquias
429 1505 667 1574 repperit
701 1509 754 1558 et
780 1506 844 1558 de
881 1506 1181 1575 intercepta
1215 1507 1414 1575 praeda
1450 1505 1755 1559 Memnonis

137 1575 317 1644 palam
363 1576 413 1628 ei
468 1575 672 1628 factum
733 1579 836 1644 est,
897 1580 1183 1645 utrumque
1241 1578 1476 1645 recipere
1535 1577 1756 1645 cupiens
1778 1589 1820 1621 20

140 1646 435 1699 intercessu
480 1645 838 1715 Phoenicum,
896 1648 988 1716 qui
1035 1648 1094 1699 in
1141 1665 1204 1700 eo
1253 1648 1489 1700 exercitu
1535 1647 1756 1716 plurimi

142 1715 384 1785 fuerant,
433 1717 710 1785 optionem
757 1735 936 1770 rerum
984 1718 1226 1771 omnium
1274 1736 1335 1771 ac
1373 1736 1614 1771 seorsum
1650 1718 1756 1771 fra·

138 1786 237 1839 tris
284 1787 573 1857 acceperit,
620 1788 964 1856 praelataque
1021 1789 1300 1859 sanguinis
1347 1789 1630 1842 affectione
1676 1807 1756 1842 re-

144 1860 300 1926 cepta
347 1876 484 1910 urna
519 1857 846 1911 Phoenicem
892 1859 1255 1929 navigaverit:
1305 1860 1483 1912 delata
1527 1859 1651 1912 dein
1688 1859 1757 1912 ad

138 1927 416 1997 regionem
464 1929 578 1981 81118
625 1928 941 1982 Phalliotim
989 1931 1208 1982 nomine
1257 1929 1587 1998 sepultisque
1635 1930 1754 1982 rcli-
1778 1940 1820 1973 25

140 1998 281 2067 quiis
326 1999 508 2052 fratris
565 2017 830 2068 nusquam
885 2003 1105 2069 repente
1164 2000 1547 2069 comparuerit:
1605 2001 1756 2053 cuius

141 2068 326 2137 opinio
365 2072 552 2122 exorta
586 2070 784 2137 triplex
794 2111 808 2138 ,
858 2088 950 2122 8811
1000 2070 1143 2139 quod
1179 2074 1304 2139 post
1341 2088 1589 2123 occasum
1627 2070 1755 2123 solis

139 2156 262 2191 cum
318 2142 488 2192 matre
547 2139 770 2192 Himera
828 2158 892 2192 ex
947 2145 1239 2209 conspectu
1295 2141 1532 2194 hominis
1582 2159 1756 2194 exces-

141 2209 299 2277 serit,
348 2210 459 2262 sive
507 2228 666 2279 super
725 2211 944 2263 modum
1001 2211 1184 2264 dolore
1243 2211 1433 2264 affecta
1486 2211 1755 2264 fraternae

138 2279 329 2332 mortis
384 2280 527 2334 ultro
583 2281 882 2334 recesserit:
945 2282 1032 2334 vel
1094 2283 1161 2335 ab
1222 2282 1333 2351 his,
1404 2283 1497 2351 qui
1556 2281 1753 2334 incole·
1777 2295 1820 2329 80

141 2349 299 2419 bant,
349 2351 418 2403 ob
467 2351 764 2420 eripienda,
813 2370 948 2420 quae
987 2370 1165 2406 secum
1206 2353 1493 2421 habuerat,
1533 2353 1755 2405 circum-

254 2621 279 2659 2
310 2619 461 2661 inloco
503 2621 539 2662 G
604 2620 757 2662 inluco
796 2621 839 2661 B
904 2621 1045 2663 inlico
1077 2624 1118 2662 P
1246 2626 1271 2663 3
1304 2621 1518 2663 achatide
1554 2621 1589 2663 G
1645 2634 1755 2662 acu—

141 2674 235 2715 tide
268 2674 310 2714 B
384 2679 522 2730 atque
568 2677 766 2718 Thetide
811 2679 852 2719 P
996 2680 1048 2720 13
1093 2678 1216 2731 apud
1261 2678 1491 2731 phaphum
1523 2677 1559 2719 G
1633 2677 1756 2731 apud

142 2730 343 2784 paphum
381 2731 423 2772 B
472 2733 597 2786 apud
633 2733 845 2775 Rhodum
884 2737 1067 2776 coniecit
1100 2735 1364 2776 Dedericlms
1480 2736 1534 2775 14
1567 2735 1684 2775 mari
1713 2733 1756 2774 B

143 2788 195 2827 17
227 2786 438 2828 helenam
473 2789 551 2829 ΕΒ
582 2803 697 2831 corr.
738 2792 781 2831 in
811 2792 932 2832 editt.
962 2797 1063 2832 uett.
1189 2791 1243 2831 25
1273 2789 1529 2843 phalliotim
1562 2791 1598 2832 G
1656 2789 1755 2844 pal·

139 2841 316 2883 liochin
355 2843 396 2883 B
519 2846 575 2887 28
612 2845 842 2887 hominum
874 2848 916 2887 P
1034 2848 1087 2888 29
1126 2859 1264 2900 supra
1302 2847 1344 2887 P
1456 2850 1511 2889 30
1542 2859 1756 2901 praeces·

142 2899 256 2940 serit
296 2899 375 2943 GB
442 2913 668 2955 praeceps
698 2902 807 2944 ierit
836 2904 879 2943 P
906 2916 982 2944 nos
1012 2903 1272 2945 recesserit.
