1956 3178
493 147 685 192 INDEX
718 144 1015 198 NOMINUM
1046 146 1127 190 ET
1162 146 1387 190 RERUM.

118 269 375 326 Agapenor
406 280 463 311 ex
493 265 695 310 Arcadia
725 263 922 309 Graeco·

182 342 285 371 rum
318 327 412 370 dux
445 330 522 378 19,
547 330 573 369 5

119 385 244 430 Aiax
283 383 582 430 Telamonius
621 383 678 428 de
716 381 924 427 Hesiona

185 446 324 489 natus
356 449 434 499 25,
474 449 495 487 1
540 441 820 487 describitur
854 447 920 497 16,

187 509 241 548 16
297 517 322 548 e
363 502 601 548 Salamina
639 500 922 546 Graecorum

183 562 278 607 dux
327 567 403 618 17,
439 566 491 606 17
562 562 617 605 A.
664 561 713 604 et
750 559 924 604 Hector

183 621 385 666 invicem
423 634 471 665 se
513 620 928 665 remuneraverunt

184 685 262 736 25,
290 686 315 724 5
370 679 710 734 Alexandrum,
759 691 788 722 a
833 691 925 734 quo

183 739 456 784 vulneratus
496 739 588 792 est,
634 736 806 782 occidit
844 737 925 782 sed

183 798 284 855 ipse
314 797 512 842 moritur
543 802 622 852 42,
651 803 704 842 19

123 856 243 901 Aiax
291 856 450 901 Oileus
497 855 779 902 Graecorum
831 855 925 900 dux

185 921 262 970 18,
287 920 315 960 4
361 915 641 961 describitur
668 920 743 970 16,
768 919 823 959 14
868 915 924 959 Α.

183 976 232 1019 et
242 975 482 1020 Menelaus
494 974 807 1019 Alexandrum
821 987 923 1031 per-

185 1036 442 1090 sequuntur
472 1039 551 1089 26,
580 1039 632 1077 11

118 1092 387 1137 Alexander
428 1092 605 1137 Priami
646 1092 769 1137 filius
813 1098 862 1148 6,
896 1097 922 1136 3

183 1151 402 1196 hortatur
431 1154 484 1196 ut
513 1151 676 1196 classis
707 1152 756 1196 in
784 1151 923 1196 Grae-

184 1211 305 1256 ciam
329 1211 546 1256 mittatur
570 1217 610 1267 9,
636 1217 658 1255 1
700 1210 925 1255 exercitui

179 1270 452 1327 praeficitur
501 1276 575 1324 11,
609 1275 635 1315 9
696 1269 926 1314 Helenam

184 1329 312 1387 rapit
341 1334 417 1385 12,
443 1334 499 1374 23
548 1328 829 1374 describitur
856 1334 924 1383 15,

184 1393 211 1432 8
275 1388 582 1433 Troianorum
635 1388 730 1432 dux
779 1392 857 1444 23,
899 1394 924 1432 8

184 1446 388 1492 Menelai
411 1448 562 1492 femur
578 1447 754 1505 sagitta
776 1449 926 1492 trans-

178 1506 289 1564 figit
312 1513 384 1562 26,
412 1513 466 1551 10
497 1506 797 1551 Palamedem
824 1506 926 1551 vul-

184 1568 320 1610 nerat
351 1571 430 1622 34,
459 1571 512 1610 19
563 1565 795 1610 Achillem
826 1566 925 1610 vul-

183 1626 318 1670 nerat
370 1630 448 1679 41,
501 1630 554 1669 14
625 1625 927 1670 Antilochum

183 1683 406 1729 interficit
473 1689 527 1728 41
550 1720 560 1740 ‚
619 1689 674 1727 14
758 1697 837 1728 cor
872 1699 925 1728 us

182 1742 381 1788 Achillis
419 1743 530 1788 feris
569 1746 618 1788 et
657 1742 838 1788 volucri
871 1759 926 1788 us

184 1802 334 1858 proici
364 1802 496 1847 iubet
528 1807 606 1857 41,
635 1808 688 1847 16
735 1802 926 1847 Aiacem

184 1861 422 1917 vulnerat,
471 1863 522 1905 ut
576 1875 600 1905 e
655 1861 925 1906 vulneribus

184 1920 411 1965 moriatur
429 1955 440 1976 ,
505 1921 605 1977 ipse
668 1921 728 1964 ab
783 1920 925 1965 Aiace

184 1981 398 2024 necatur:
432 1980 676 2037 sepultura
706 1984 783 2034 42,
813 1985 865 2024 18

120 2037 340 2086 Alizonia
371 2043 449 2094 23,
475 2044 500 2083 5

121 2098 385 2141 Amazones
417 2102 495 2152 43,
523 2103 576 2142 16

127 2155 496 2212 Amphimachus
526 2170 581 2200 ex
607 2155 745 2200 Caria
769 2155 926 2200 Troia-

187 2227 352 2258 norum
385 2215 478 2258 dux
510 2220 590 2271 22,
617 2220 670 2258 16

120 2273 496 2329 Amphimachus
521 2273 801 2318 Graecorum
834 2274 927 2317 dux

190 2337 264 2387 18,
294 2337 347 2376 15
407 2333 465 2377 ab
505 2334 663 2376 Aenea
694 2332 929 2377 occiditur

187 2395 266 2445 26,
288 2396 350 2434 20

123 2449 499 2507 Amphimachus
523 2450 697 2495 Priami
719 2450 844 2494 filius
869 2451 929 2494 ad

186 2508 364 2553 bellum
381 2509 751 2554 continuandum
765 2510 926 2554 exhor-

185 2569 316 2612 tatur
359 2574 437 2623 45,
476 2574 528 2613 13
591 2568 777 2613 Priamo
825 2583 928 2625 pro-

187 2626 337 2671 mittit
377 2642 426 2671 se
463 2627 655 2672 Aiacem
700 2630 748 2672 et
785 2627 927 2672 Ante-

187 2698 347 2730 norem
411 2686 766 2731 interfecturum
828 2700 928 2731 esse

187 2749 266 2799 4-7,
295 2750 316 2788 1
386 2745 540 2790 claves
579 2747 745 2803 portae
784 2745 928 2790 habet

188 2808 265 2858 48,
293 2812 318 2848 9

123 2861 357 2918 Amphius
387 2863 444 2907 de
469 2862 596 2907 Zelia
621 2863 926 2908 Troianorum

188 2922 281 2965 dux
316 2927 391 2977 22,
423 2929 477 2967 15

1701 145 1769 198 61

967 264 1195 309 Anchises
1219 265 1437 322 princeps
1464 263 1772 309 Troianorum

968 382 1298 428 Andromacha
1328 381 1505 427 Priami
1540 382 1638 426 filia
1670 388 1719 436 6,
1745 388 1772 426 4

1029 441 1309 487 describitur
1336 448 1412 496 15,
1434 447 1487 486 15
1527 444 1581 486 ut
1604 441 1774 486 Hecto-

1028 515 1127 546 rem
1141 516 1169 546 a
1185 515 1346 559 pugna
1365 500 1591 545 retineret
1605 501 1774 557 Astya-

1028 562 1216 605 nactem
1233 560 1382 604 filium
1395 562 1503 604 ante
1520 559 1662 616 pedes
1676 559 1773 604 eius

1031 620 1274 676 protendit
1311 624 1389 674 29,
1423 624 1449 663 9
1508 619 1557 662 111
1594 619 1773 677 templo

1031 679 1269 724 Minervae
1301 692 1348 723 se
1381 678 1588 723 occultat
1610 682 1690 734 49,
1716 683 1769 722 21

1031 738 1227 784 libertas
1266 738 1310 783 ei
1351 737 1562 782 redditur
1605 742 1683 791 50,
1717 742 1773 781 20

1032 797 1174 842 Troia
1235 798 1376 854 capta
1436 811 1541 841 cum
1595 796 1773 840 Heleno

1030 856 1399 902 Cherronensum
1422 856 1544 912 petit
1567 860 1645 911 52,
1667 861 1688 899 1
1721 861 1774 899 14

970 916 1118 960 Anius
1155 915 1345 960 iubetur
1382 914 1608 959 exercitui
1652 929 1775 959 com-

1029 977 1237 1020 meatum
1269 975 1545 1032 subportare
1582 979 1661 1030 24,
1687 979 1715 1017 4

971 1036 1182 1079 Antenor
1219 1035 1406 1092 legatus
1447 1033 1497 1077 in
1529 1033 1774 1078 Graeciam

1030 1093 1237 1138 mittitur
1299 1099 1345 1149 6,
1405 1097 1457 1136 16
1540 1091 1775 1150 principes

1032 1152 1316 1197 Graecorum
1363 1151 1483 1207 adit,
1534 1151 1775 1196 Priamum

1032 1212 1092 1255 ad
1134 1211 1311 1256 bellum
1351 1211 1627 1256 exhortatur
1669 1216 1715 1266 8,
1748 1216 1774 1255 2

1030 1270 1309 1316 describitur
1335 1275 1404 1326 15,
1426 1275 1478 1314 12
1519 1271 1573 1314 ut
1595 1269 1777 1314 Helena

1032 1329 1222 1375 Graecis
1250 1330 1473 1375 reddat-ur
1502 1328 1669 1373 suadet
1703 1334 1775 1385 45,

1034 1395 1089 1434 10
1155 1403 1261 1434 cum
1307 1388 1413 1433 aliis
1459 1388 1520 1432 ad
1569 1387 1776 1445 patriam

1030 1448 1318 1506 prodendam
1362 1447 1577 1492 coniurat
1630 1451 1708 1503 47,
1749 1453 1774 1491 3

1033 1507 1199 1552 Troiae
1230 1508 1443 1552 remanet
1474 1512 1551 1562 52,
1578 1511 1605 1550 4

973 1566 1239 1612 Antenorea
1272 1569 1412 1624 porta
1443 1565 1612 1611 Troiae
1646 1572 1693 1622 6,
1723 1571 1776 1610 14

973 1625 1252 1671 Antilochus
1293 1626 1416 1671 filius
1455 1625 1668 1670 Nestoris
1716 1627 1776 1670 ab

1033 1685 1300 1730 Alexandro
1330 1684 1568 1730 ‘occiditur
1607 1690 1685 1739 41,
1722 1690 1775 1729 13

972 1744 1208 1801 Antiphus
1254 1743 1537 1789 Graecorum
1580 1744 1673 1788 dux
1720 1758 1776 1789 ex

1033 1802 1242 1861 Calydna
1277 1809 1353 1859 18,
1380 1809 1406 1847 5
1454 1817 1510 1848 ex
1534 1803 1670 1848 Elide
1704 1809 1776 1858 18,

1035 1869 1089 1907 15
1154 1864 1213 1907 ab
1258 1864 1457 1908 Hectore
1499 1862 1778 1908 interficitur

1034 1927 1110 1977 28,
1142 1928 1194 1966 10

973 1981 1208 2038 Antiphus
1241 1995 1266 2026 e
1297 1980 1515 2025 Maeonia
1554 1980 1776 2026 Troiano-

1032 2055 1135 2084 rum
1175 2040 1269 2084 dux
1308 2045 1386 2095 23,
1413 2045 1438 2083 2
1493 2054 1521 2084 a
1552 2040 1777 2085 Diomede

1033 2097 1260 2143 occiditur
1291 2104 1368 2154 26,
1396 2104 1452 2142 22

973 2157 1206 2214 Apollinis
1240 2160 1402 2202 fanum
1433 2158 1482 2202 in
1514 2158 1669 2202 insula
1692 2157 1777 2214 Cy-

1033 2217 1198 2261 therea
1262 2223 1338 2274 12,
1395 2223 1448 2261 12
1539 2217 1778 2261 oraculum

1033 2275 1314 2333 Delphicum
1342 2283 1411 2331 19,
1434 2282 1485 2319 13
1526 2276 1579 2320 A.
1606 2275 1778 2333 Thym-

1035 2335 1203 2379 braeus
1236 2341 1314 2391 40,
1341 2340 1398 2380 20

975 2407 1058 2437 ara
1087 2392 1209 2438 Iovis
1241 2400 1319 2449 49,
1347 2400 1401 2439 18

975 2453 1176 2497 Arcadia
1210 2459 1286 2508 19,
1312 2459 1338 2496 5

974 2511 1240 2556 Arcesilaus
1281 2526 1305 2556 e
1345 2512 1542 2556 Boeotia
1580 2511 1778 2557 Graeco-

1034 2586 1138 2614 rum
1161 2571 1254 2615 dux
1284 2576 1358 2623 17,
1390 2577 1442 2617 14
1491 2571 1550 2616 ab
1575 2571 1775 2616 Hectore

1033 2629 1310 2674 interficitur
1342 2635 1419 2685 26,
1450 2636 1470 2674 1
1727 2683 1735 2687 -

974 2688 1290 2734 Archelochus
1323 2703 1347 2733 e
1378 2689 1582 2733 Thracia
1618 2689 1780 2734 Troia·

1034 2761 1200 2792 norum
1233 2748 1327 2792 dux
1359 2753 1435 2803 23,
1461 2753 1488 2791 4

974 2806 1091 2864 Argi
1125 2812 1247 2859 12,1
1289 2813 1365 2863 13,
1393 2813 1416 2850 7
1455 2813 1531 2862 19,
1558 2814 1582 2850 2

974 2865 1145 2922 Argisa
1179 2871 1253 2922 18,
1285 2872 1337 2910 16

974 2923 1139 2982 Argivi
1172 2930 1248 2980 20,
1276 2931 1302 2968 4
1336 2930 1415 2981 52,
1443 2934 1467 2969 6
