<?xml version="1.0" encoding="UTF-8"?>
<!DOCTYPE html PUBLIC "-//W3C//DTD XHTML 1.0 Transitional//EN"
    "http://www.w3.org/TR/xhtml1/DTD/xhtml1-transitional.dtd">
<html xmlns="http://www.w3.org/1999/xhtml" xml:lang="en" lang="en">
 <head>
  <title>
</title>
<meta http-equiv="Content-Type" content="text/html;charset=utf-8" />
  <meta name='ocr-system' content='tesseract 3.04.00' />
  <meta name='ocr-capabilities' content='ocr_page ocr_carea ocr_par ocr_line ocrx_word'/>
</head>
<body>
  <div class='ocr_page' id='page_1' title='image "./dictyscretensise00dictuoft_0073.png"; bbox 0 0 1956 3178; ppageno 0'>
   <div class='ocr_carea' id='block_1_1' title="bbox 502 116 1676 170">
    <p class='ocr_par' dir='ltr' id='par_1_1' title="bbox 502 116 1676 170">
     <span class='ocr_line' id='line_1_1' title="bbox 502 116 1676 170; baseline 0.001 -12"><span class='ocrx_word' id='word_1_1' title='bbox 502 116 690 158; x_wconf 83' lang='lat' dir='ltr'>BELLI</span> <span class='ocrx_word' id='word_1_2' title='bbox 721 117 974 160; x_wconf 83' lang='lat' dir='ltr'>TROIANI</span> <span class='ocrx_word' id='word_1_3' title='bbox 1002 117 1121 162; x_wconf 85' lang='lat' dir='ltr'>LIB.</span> <span class='ocrx_word' id='word_1_4' title='bbox 1153 117 1235 159; x_wconf 93' lang='lat'>111.</span> <span class='ocrx_word' id='word_1_5' title='bbox 1608 118 1676 170; x_wconf 79' lang='lat'>51</span> 
     </span>
    </p>
   </div>
   <div class='ocr_carea' id='block_1_2' title="bbox 14 242 1743 1440">
    <p class='ocr_par' dir='ltr' id='par_1_2' title="bbox 14 242 1743 1440">
     <span class='ocr_line' id='line_1_2' title="bbox 206 242 1680 323; baseline -0.001 -27"><span class='ocrx_word' id='word_1_6' title='bbox 206 242 320 296; x_wconf 91' lang='lat' dir='ltr'>LII.</span> <span class='ocrx_word' id='word_1_7' title='bbox 382 242 558 312; x_wconf 79' lang='lat' dir='ltr'>Igitur</span> <span class='ocrx_word' id='word_1_8' title='bbox 592 242 832 295; x_wconf 90' lang='lat' dir='ltr'>Achilles</span> <span class='ocrx_word' id='word_1_9' title='bbox 867 242 1171 311; x_wconf 84' lang='lat' dir='ltr'>praesentia</span> <span class='ocrx_word' id='word_1_10' title='bbox 1214 242 1404 296; x_wconf 88' lang='lat' dir='ltr'>talium</span> <span class='ocrx_word' id='word_1_11' title='bbox 1440 243 1680 323; x_wconf 41' lang='lat' dir='ltr'>uirorum</span> 
     </span>
     <span class='ocr_line' id='line_1_3' title="bbox 64 312 1680 383; baseline 0 -17"><span class='ocrx_word' id='word_1_12' title='bbox 64 313 312 383; x_wconf 81' lang='lat' dir='ltr'>precibus</span> <span class='ocrx_word' id='word_1_13' title='bbox 349 312 696 366; x_wconf 84' lang='lat' dir='ltr'>familiarium</span> <span class='ocrx_word' id='word_1_14' title='bbox 744 329 805 365; x_wconf 82' lang='lat' dir='ltr'>ac</span> <span class='ocrx_word' id='word_1_15' title='bbox 851 312 1222 366; x_wconf 74' lang='lat' dir='ltr'>recordatione</span> <span class='ocrx_word' id='word_1_16' title='bbox 1279 313 1489 366; x_wconf 87' lang='lat' dir='ltr'>innoxn</span> <span class='ocrx_word' id='word_1_17' title='bbox 1536 331 1680 366; x_wconf 90' lang='lat' dir='ltr'>exer—</span> 
     </span>
     <span class='ocr_line' id='line_1_4' title="bbox 67 383 1679 464; baseline 0 -28"><span class='ocrx_word' id='word_1_18' title='bbox 67 383 204 437; x_wconf 87' lang='lat' dir='ltr'>citus</span> <span class='ocrx_word' id='word_1_19' title='bbox 241 383 459 436; x_wconf 90' lang='lat' dir='ltr'>tandem</span> <span class='ocrx_word' id='word_1_20' title='bbox 485 383 653 436; x_wconf 91' lang='lat' dir='ltr'>flexus</span> <span class='ocrx_word' id='word_1_21' title='bbox 690 383 756 436; x_wconf 89' lang='lat' dir='ltr'>ad</span> <span class='ocrx_word' id='word_1_22' title='bbox 781 386 1112 452; x_wconf 91' lang='lat' dir='ltr'>postremum</span> <span class='ocrx_word' id='word_1_23' title='bbox 1137 383 1405 436; x_wconf 86' lang='lat' dir='ltr'>facturum</span> <span class='ocrx_word' id='word_1_24' title='bbox 1443 402 1526 464; x_wconf 36' lang='lat' dir='ltr'>sea</span> <span class='ocrx_word' id='word_1_25' title='bbox 1543 403 1679 453; x_wconf 87' lang='lat' dir='ltr'>quae</span> 
     </span>
     <span class='ocr_line' id='line_1_5' title="bbox 64 453 1678 524; baseline 0 -17"><span class='ocrx_word' id='word_1_26' title='bbox 64 453 281 523; x_wconf 84' lang='lat' dir='ltr'>vellent,</span> <span class='ocrx_word' id='word_1_27' title='bbox 319 454 611 524; x_wconf 74' lang='lat' dir='ltr'>respondit.</span> <span class='ocrx_word' id='word_1_28' title='bbox 675 453 799 506; x_wconf 91' lang='lat' dir='ltr'>dein</span> <span class='ocrx_word' id='word_1_29' title='bbox 836 453 1056 506; x_wconf 89' lang='lat' dir='ltr'>hortatu</span> <span class='ocrx_word' id='word_1_30' title='bbox 1082 455 1263 507; x_wconf 83' lang='lat' dir='ltr'>Aiacis</span> <span class='ocrx_word' id='word_1_31' title='bbox 1301 459 1416 507; x_wconf 91' lang='lat' dir='ltr'>tum</span> <span class='ocrx_word' id='word_1_32' title='bbox 1444 473 1678 524; x_wconf 91' lang='lat' dir='ltr'>pr1mum</span> 
     </span>
     <span class='ocr_line' id='line_1_6' title="bbox 62 523 1723 593; baseline 0.001 -16"><span class='ocrx_word' id='word_1_33' title='bbox 62 527 189 593; x_wconf 90' lang='lat' dir='ltr'>post</span> <span class='ocrx_word' id='word_1_34' title='bbox 232 525 428 577; x_wconf 89' lang='lat' dir='ltr'>malam</span> <span class='ocrx_word' id='word_1_35' title='bbox 484 523 814 577; x_wconf 82' lang='lat' dir='ltr'>iracundiam</span> <span class='ocrx_word' id='word_1_36' title='bbox 864 523 1080 577; x_wconf 82' lang='lat' dir='ltr'>Graecis</span> <span class='ocrx_word' id='word_1_37' title='bbox 1141 526 1339 578; x_wconf 88' lang='lat' dir='ltr'>mixtus</span> <span class='ocrx_word' id='word_1_38' title='bbox 1396 526 1679 579; x_wconf 87' lang='lat' dir='ltr'>consilium</span> <span class='ocrx_word' id='word_1_39' title='bbox 1702 539 1723 571; x_wconf 83' lang='lat'>5</span> 
     </span>
     <span class='ocr_line' id='line_1_7' title="bbox 14 594 1681 666; baseline 0.001 -19"><span class='ocrx_word' id='word_1_40' title='bbox 14 603 17 614; x_wconf 73' lang='grc'><em>“</em></span> <span class='ocrx_word' id='word_1_41' title='bbox 63 594 365 666; x_wconf 83' lang='lat' dir='ltr'>ingreditur</span> <span class='ocrx_word' id='word_1_42' title='bbox 401 597 561 663; x_wconf 91' lang='lat' dir='ltr'>atque</span> <span class='ocrx_word' id='word_1_43' title='bbox 610 595 676 647; x_wconf 88' lang='lat' dir='ltr'>ab</span> <span class='ocrx_word' id='word_1_44' title='bbox 714 596 1124 664; x_wconf 87' lang='lat' dir='ltr'>Agamemnone</span> <span class='ocrx_word' id='word_1_45' title='bbox 1169 597 1319 666; x_wconf 88' lang='lat' dir='ltr'>regio</span> <span class='ocrx_word' id='word_1_46' title='bbox 1357 615 1505 649; x_wconf 88' lang='lat' dir='ltr'>more</span> <span class='ocrx_word' id='word_1_47' title='bbox 1545 597 1681 649; x_wconf 86' lang='lat' dir='ltr'>salu-</span> 
     </span>
     <span class='ocr_line' id='line_1_8' title="bbox 63 665 1681 734; baseline 0.001 -16"><span class='ocrx_word' id='word_1_48' title='bbox 63 669 222 718; x_wconf 86' lang='lat' dir='ltr'>tatur.</span> <span class='ocrx_word' id='word_1_49' title='bbox 298 666 504 718; x_wconf 90' lang='lat' dir='ltr'>interea</span> <span class='ocrx_word' id='word_1_50' title='bbox 550 665 770 734; x_wconf 91' lang='lat' dir='ltr'>reliquis</span> <span class='ocrx_word' id='word_1_51' title='bbox 831 666 1053 718; x_wconf 89' lang='lat' dir='ltr'>ducibus</span> <span class='ocrx_word' id='word_1_52' title='bbox 1101 666 1342 719; x_wconf 84' lang='lat' dir='ltr'>favorem</span> <span class='ocrx_word' id='word_1_53' title='bbox 1390 667 1681 720; x_wconf 89' lang='lat' dir='ltr'>attollenti-</span> 
     </span>
     <span class='ocr_line' id='line_1_9' title="bbox 62 735 1682 807; baseline 0.001 -19"><span class='ocrx_word' id='word_1_54' title='bbox 62 736 162 789; x_wconf 85' lang='lat' dir='ltr'>bus</span> <span class='ocrx_word' id='word_1_55' title='bbox 199 735 395 806; x_wconf 90' lang='lat' dir='ltr'>gaudio</span> <span class='ocrx_word' id='word_1_56' title='bbox 434 735 745 803; x_wconf 88' lang='lat' dir='ltr'>laetitiaque</span> <span class='ocrx_word' id='word_1_57' title='bbox 774 740 968 789; x_wconf 89' lang='lat' dir='ltr'>cuncta</span> <span class='ocrx_word' id='word_1_58' title='bbox 1006 737 1272 806; x_wconf 90' lang='lat' dir='ltr'>completa</span> <span class='ocrx_word' id='word_1_59' title='bbox 1309 741 1450 790; x_wconf 88' lang='lat' dir='ltr'>sunt.</span> <span class='ocrx_word' id='word_1_60' title='bbox 1514 738 1682 807; x_wconf 86' lang='lat' dir='ltr'>igitur</span> 
     </span>
     <span class='ocr_line' id='line_1_10' title="bbox 62 806 1680 876; baseline 0.001 -17"><span class='ocrx_word' id='word_1_61' title='bbox 62 807 113 859; x_wconf 93' lang='lat' dir='ltr'><strong>A</strong></span> <span class='ocrx_word' id='word_1_62' title='bbox 152 824 441 859; x_wconf 89' lang='lat' dir='ltr'>amemnon</span> <span class='ocrx_word' id='word_1_63' title='bbox 487 825 705 859; x_wconf 90' lang='lat' dir='ltr'>manum</span> <span class='ocrx_word' id='word_1_64' title='bbox 755 806 983 859; x_wconf 88' lang='lat' dir='ltr'>Achillis</span> <span class='ocrx_word' id='word_1_65' title='bbox 1036 810 1311 861; x_wconf 86' lang='lat' dir='ltr'>retentans</span> <span class='ocrx_word' id='word_1_66' title='bbox 1360 826 1587 876; x_wconf 90' lang='lat' dir='ltr'>eumque</span> <span class='ocrx_word' id='word_1_67' title='bbox 1626 813 1680 860; x_wconf 91' lang='lat' dir='ltr'>et</span> 
     </span>
     <span class='ocr_line' id='line_1_11' title="bbox 64 876 1743 958; baseline 0.001 -29"><span class='ocrx_word' id='word_1_68' title='bbox 64 893 121 930; x_wconf 90' lang='lat' dir='ltr'>re</span> <span class='ocrx_word' id='word_1_69' title='bbox 144 876 299 946; x_wconf 88' lang='lat' dir='ltr'>iquos</span> <span class='ocrx_word' id='word_1_70' title='bbox 359 877 517 930; x_wconf 83' lang='lat' dir='ltr'>duces</span> <span class='ocrx_word' id='word_1_71' title='bbox 572 877 638 930; x_wconf 87' lang='lat' dir='ltr'>ad</span> <span class='ocrx_word' id='word_1_72' title='bbox 695 895 882 930; x_wconf 85' lang='lat' dir='ltr'>cenam</span> <span class='ocrx_word' id='word_1_73' title='bbox 944 877 1199 958; x_wconf 43' lang='grc' dir='ltr'>ᾶθὼιςίΐε.</span> <span class='ocrx_word' id='word_1_74' title='bbox 1240 896 1301 931; x_wconf 90' lang='lat' dir='ltr'>ac</span> <span class='ocrx_word' id='word_1_75' title='bbox 1345 878 1508 947; x_wconf 89' lang='lat' dir='ltr'>paulo</span> <span class='ocrx_word' id='word_1_76' title='bbox 1555 884 1679 948; x_wconf 90' lang='lat' dir='ltr'>post</span> <span class='ocrx_word' id='word_1_77' title='bbox 1703 894 1743 925; x_wconf 89' lang='lat'>10</span> 
     </span>
     <span class='ocr_line' id='line_1_12' title="bbox 63 947 1676 1030; baseline 0.002 -31"><span class='ocrx_word' id='word_1_78' title='bbox 63 947 206 1000; x_wconf 89' lang='lat' dir='ltr'>inter</span> <span class='ocrx_word' id='word_1_79' title='bbox 243 947 452 1016; x_wconf 81' lang='lat' dir='ltr'>epulaS,</span> <span class='ocrx_word' id='word_1_80' title='bbox 494 965 613 1028; x_wconf 69' lang='lat' dir='ltr'>cum</span> <span class='ocrx_word' id='word_1_81' title='bbox 651 948 788 1029; x_wconf 40' lang='lat' dir='ltr'>laeti·</span> <span class='ocrx_word' id='word_1_82' title='bbox 815 949 959 1001; x_wconf 89' lang='lat' dir='ltr'>inter</span> <span class='ocrx_word' id='word_1_83' title='bbox 996 966 1050 1029; x_wconf 81' lang='lat' dir='ltr'>se</span> <span class='ocrx_word' id='word_1_84' title='bbox 1089 952 1410 1018; x_wconf 81' lang='lat' dir='ltr'>inV1tarent,</span> <span class='ocrx_word' id='word_1_85' title='bbox 1447 968 1542 1002; x_wconf 88' lang='lat' dir='ltr'>rex</span> <span class='ocrx_word' id='word_1_86' title='bbox 1579 949 1676 1030; x_wconf 70' lang='lat' dir='ltr'>Pa-</span> 
     </span>
     <span class='ocr_line' id='line_1_13' title="bbox 61 1018 1678 1171; baseline 0.002 -31"><span class='ocrx_word' id='word_1_87' title='bbox 61 1018 584 1169; x_wconf 49' lang='lat' dir='ltr'>{ffssssuffid‘ssssssssffd</span> <span class='ocrx_word' id='word_1_88' title='bbox 619 1018 1136 1170; x_wconf 52' lang='grc' dir='ltr'>ἳὲῃῗέἕὲοἶῖῗίἣέἓ</span> <span class='ocrx_word' id='word_1_89' title='bbox 1171 1023 1678 1171; x_wconf 49' lang='grc' dir='ltr'>Ξὲᾗῖιοέἱὲῗῗῗὲζᾷἷ</span> 
     </span>
     <span class='ocr_line' id='line_1_14' title="bbox 61 1158 1675 1302; baseline 0.001 -20"><span class='ocrx_word' id='word_1_90' title='bbox 61 1158 1675 1302; x_wconf 50' lang='grc' dir='ltr'>ἓῗῗίὃᾘᾶέἷῖθὲἷῇἓῖζη60θὲθῖἓὲηέἶῑέζιῇἳωξΐέωὲῗθ</span> 
     </span>
     <span class='ocr_line' id='line_1_15' title="bbox 60 1299 1674 1355; baseline 0.002 -3"><span class='ocrx_word' id='word_1_91' title='bbox 60 1302 122 1352; x_wconf 89' lang='lat' dir='ltr'>ut</span> <span class='ocrx_word' id='word_1_92' title='bbox 165 1299 277 1352; x_wconf 87' lang='lat' dir='ltr'>fors</span> <span class='ocrx_word' id='word_1_93' title='bbox 334 1304 585 1353; x_wconf 84' lang='lat' dir='ltr'>evenerat</span> <span class='ocrx_word' id='word_1_94' title='bbox 639 1301 781 1353; x_wconf 92' lang='lat' dir='ltr'>inter</span> <span class='ocrx_word' id='word_1_95' title='bbox 838 1319 893 1353; x_wconf 85' lang='lat' dir='ltr'>se</span> <span class='ocrx_word' id='word_1_96' title='bbox 940 1301 1056 1354; x_wconf 90' lang='lat' dir='ltr'>sine</span> <span class='ocrx_word' id='word_1_97' title='bbox 1105 1302 1216 1355; x_wconf 94' lang='lat' dir='ltr'>ullo</span> <span class='ocrx_word' id='word_1_98' title='bbox 1254 1306 1401 1355; x_wconf 91' lang='lat' dir='ltr'>metu</span> <span class='ocrx_word' id='word_1_99' title='bbox 1450 1302 1507 1354; x_wconf 91' lang='lat' dir='ltr'>in</span> <span class='ocrx_word' id='word_1_100' title='bbox 1554 1303 1674 1355; x_wconf 92' lang='lat' dir='ltr'>luco</span> 
     </span>
     <span class='ocr_line' id='line_1_16' title="bbox 61 1369 1106 1440; baseline 0.001 -18"><span class='ocrx_word' id='word_1_101' title='bbox 61 1369 382 1440; x_wconf 80' lang='lat' dir='ltr'>Thymbraei</span> <span class='ocrx_word' id='word_1_102' title='bbox 419 1371 691 1439; x_wconf 88' lang='lat' dir='ltr'>Apollinis</span> <span class='ocrx_word' id='word_1_103' title='bbox 729 1371 1106 1425; x_wconf 87' lang='lat' dir='ltr'>miscebantur.</span> 
     </span>
    </p>
   </div>
   <div class='ocr_carea' id='block_1_3' title="bbox 517 1697 1212 1760">
    <p class='ocr_par' dir='ltr' id='par_1_3' title="bbox 517 1697 1212 1760">
     <span class='ocr_line' id='line_1_17' title="bbox 517 1697 1212 1760; baseline 0.004 -4"><span class='ocrx_word' id='word_1_104' title='bbox 517 1697 774 1757; x_wconf 89' lang='lat' dir='ltr'>LIBER</span> <span class='ocrx_word' id='word_1_105' title='bbox 818 1697 1212 1760; x_wconf 85' lang='lat' dir='ltr'>TERTIUS.</span> 
     </span>
    </p>
   </div>
   <div class='ocr_carea' id='block_1_4' title="bbox 54 1876 1735 2724">
    <p class='ocr_par' dir='ltr' id='par_1_4' title="bbox 54 1876 1735 2724">
     <span class='ocr_line' id='line_1_18' title="bbox 200 1876 1672 1947; baseline 0.003 -18"><span class='ocrx_word' id='word_1_106' title='bbox 200 1876 241 1929; x_wconf 93' lang='grc' dir='ltr'>Ι.</span> <span class='ocrx_word' id='word_1_107' title='bbox 316 1876 538 1931; x_wconf 87' lang='lat' dir='ltr'>Interim</span> <span class='ocrx_word' id='word_1_108' title='bbox 576 1897 673 1947; x_wconf 89' lang='lat' dir='ltr'>per</span> <span class='ocrx_word' id='word_1_109' title='bbox 710 1881 880 1931; x_wconf 89' lang='lat' dir='ltr'>totam</span> <span class='ocrx_word' id='word_1_110' title='bbox 918 1879 1150 1931; x_wconf 88' lang='lat' dir='ltr'>hiemem</span> <span class='ocrx_word' id='word_1_111' title='bbox 1199 1879 1365 1933; x_wconf 89' lang='lat' dir='ltr'>dilato</span> <span class='ocrx_word' id='word_1_112' title='bbox 1412 1880 1672 1934; x_wconf 87' lang='lat' dir='ltr'>conditio-</span> 
     </span>
     <span class='ocr_line' id='line_1_19' title="bbox 55 1947 1670 2019; baseline 0.002 -20"><span class='ocrx_word' id='word_1_113' title='bbox 55 1947 215 2000; x_wconf 87' lang='lat' dir='ltr'>nibus</span> <span class='ocrx_word' id='word_1_114' title='bbox 259 1947 319 1999; x_wconf 91' lang='lat' dir='ltr'>in</span> <span class='ocrx_word' id='word_1_115' title='bbox 354 1951 565 2018; x_wconf 88' lang='lat' dir='ltr'>tempus</span> <span class='ocrx_word' id='word_1_116' title='bbox 613 1949 755 2002; x_wconf 89' lang='lat' dir='ltr'>bello</span> <span class='ocrx_word' id='word_1_117' title='bbox 797 1949 988 2002; x_wconf 84' lang='lat' dir='ltr'>Graeci</span> <span class='ocrx_word' id='word_1_118' title='bbox 1026 1953 1242 2019; x_wconf 84' lang='lat' dir='ltr'>cuncta,</span> <span class='ocrx_word' id='word_1_119' title='bbox 1293 1969 1428 2019; x_wconf 88' lang='lat' dir='ltr'>quae</span> <span class='ocrx_word' id='word_1_120' title='bbox 1478 1951 1535 2002; x_wconf 90' lang='lat' dir='ltr'>in</span> <span class='ocrx_word' id='word_1_121' title='bbox 1573 1952 1670 2003; x_wconf 85' lang='lat' dir='ltr'>tali</span> 
     </span>
     <span class='ocr_line' id='line_1_20' title="bbox 62 2017 1735 2088; baseline 0.002 -17"><span class='ocrx_word' id='word_1_122' title='bbox 62 2017 173 2071; x_wconf 85' lang='lat' dir='ltr'>otio</span> <span class='ocrx_word' id='word_1_123' title='bbox 211 2018 406 2071; x_wconf 87' lang='lat' dir='ltr'>militia</span> <span class='ocrx_word' id='word_1_124' title='bbox 444 2020 791 2088; x_wconf 78' lang='lat' dir='ltr'>exposcebat,</span> <span class='ocrx_word' id='word_1_125' title='bbox 839 2019 1035 2072; x_wconf 89' lang='lat' dir='ltr'>intenti</span> <span class='ocrx_word' id='word_1_126' title='bbox 1083 2021 1263 2073; x_wconf 87' lang='lat' dir='ltr'>animo</span> <span class='ocrx_word' id='word_1_127' title='bbox 1303 2022 1523 2074; x_wconf 89' lang='lat' dir='ltr'>summis</span> <span class='ocrx_word' id='word_1_128' title='bbox 1562 2025 1669 2074; x_wconf 89' lang='lat' dir='ltr'>stu·</span> <span class='ocrx_word' id='word_1_129' title='bbox 1693 2036 1735 2069; x_wconf 82' lang='lat'>20</span> 
     </span>
     <span class='ocr_line' id='line_1_21' title="bbox 58 2086 1669 2158; baseline 0.002 -18"><span class='ocrx_word' id='word_1_130' title='bbox 58 2086 159 2140; x_wconf 87' lang='lat' dir='ltr'>diis</span> <span class='ocrx_word' id='word_1_131' title='bbox 194 2087 540 2143; x_wconf 86' lang='lat' dir='ltr'>festinabant.</span> <span class='ocrx_word' id='word_1_132' title='bbox 614 2107 845 2158; x_wconf 86' lang='lat' dir='ltr'>namque</span> <span class='ocrx_word' id='word_1_133' title='bbox 893 2108 992 2158; x_wconf 93' lang='lat' dir='ltr'>pro</span> <span class='ocrx_word' id='word_1_134' title='bbox 1039 2091 1180 2144; x_wconf 82' lang='lat' dir='ltr'>vallo</span> <span class='ocrx_word' id='word_1_135' title='bbox 1219 2091 1508 2144; x_wconf 89' lang='lat' dir='ltr'>multitudo</span> <span class='ocrx_word' id='word_1_136' title='bbox 1554 2093 1669 2144; x_wconf 91' lang='lat' dir='ltr'>uni-</span> 
     </span>
     <span class='ocr_line' id='line_1_22' title="bbox 57 2159 1671 2231; baseline 0.003 -21"><span class='ocrx_word' id='word_1_137' title='bbox 57 2175 210 2211; x_wconf 82' lang='lat' dir='ltr'>versa</span> <span class='ocrx_word' id='word_1_138' title='bbox 254 2160 414 2212; x_wconf 86' lang='lat' dir='ltr'>variis</span> <span class='ocrx_word' id='word_1_139' title='bbox 460 2159 695 2212; x_wconf 89' lang='lat' dir='ltr'>bellandi</span> <span class='ocrx_word' id='word_1_140' title='bbox 780 2160 1027 2213; x_wconf 87' lang='lat' dir='ltr'>eneribus</span> <span class='ocrx_word' id='word_1_141' title='bbox 1084 2179 1181 2230; x_wconf 90' lang='lat' dir='ltr'>per</span> <span class='ocrx_word' id='word_1_142' title='bbox 1218 2163 1375 2215; x_wconf 88' lang='lat' dir='ltr'>duces</span> <span class='ocrx_word' id='word_1_143' title='bbox 1418 2163 1671 2231; x_wconf 91' lang='lat' dir='ltr'>populos—</span> 
     </span>
     <span class='ocr_line' id='line_1_23' title="bbox 57 2177 1670 2300; baseline 0.002 -19"><span class='ocrx_word' id='word_1_144' title='bbox 57 2246 161 2297; x_wconf 89' lang='lat' dir='ltr'>que</span> <span class='ocrx_word' id='word_1_145' title='bbox 197 2229 462 2283; x_wconf 86' lang='lat' dir='ltr'>instructa</span> <span class='ocrx_word' id='word_1_146' title='bbox 498 2234 552 2282; x_wconf 91' lang='lat' dir='ltr'>et</span> <span class='ocrx_word' id='word_1_147' title='bbox 589 2230 658 2282; x_wconf 94' lang='lat' dir='ltr'>ob</span> <span class='ocrx_word' id='word_1_148' title='bbox 705 2177 778 2282; x_wconf 45' lang='lat' dir='ltr'>ic?</span> <span class='ocrx_word' id='word_1_149' title='bbox 797 2248 944 2283; x_wconf 90' lang='lat' dir='ltr'>more</span> <span class='ocrx_word' id='word_1_150' title='bbox 983 2232 1186 2300; x_wconf 88' lang='lat' dir='ltr'>optimo</span> <span class='ocrx_word' id='word_1_151' title='bbox 1227 2233 1449 2286; x_wconf 88' lang='lat' dir='ltr'>diversis</span> <span class='ocrx_word' id='word_1_152' title='bbox 1487 2233 1554 2285; x_wconf 89' lang='lat' dir='ltr'>ad</span> <span class='ocrx_word' id='word_1_153' title='bbox 1592 2233 1670 2286; x_wconf 87' lang='lat' dir='ltr'>of-</span> 
     </span>
     <span class='ocr_line' id='line_1_24' title="bbox 56 2298 1670 2369; baseline 0.002 -18"><span class='ocrx_word' id='word_1_154' title='bbox 56 2298 180 2352; x_wconf 88' lang='lat' dir='ltr'>ficia</span> <span class='ocrx_word' id='word_1_155' title='bbox 217 2318 312 2352; x_wconf 88' lang='lat' dir='ltr'>sua</span> <span class='ocrx_word' id='word_1_156' title='bbox 337 2300 652 2369; x_wconf 88' lang='lat' dir='ltr'>quibusque,</span> <span class='ocrx_word' id='word_1_157' title='bbox 691 2300 818 2353; x_wconf 87' lang='lat' dir='ltr'>hinc</span> <span class='ocrx_word' id='word_1_158' title='bbox 843 2301 1030 2354; x_wconf 88' lang='lat' dir='ltr'>iaculis</span> <span class='ocrx_word' id='word_1_159' title='bbox 1055 2301 1330 2355; x_wconf 86' lang='lat' dir='ltr'>hastarum</span> <span class='ocrx_word' id='word_1_160' title='bbox 1357 2303 1470 2355; x_wconf 85' lang='lat' dir='ltr'>vice</span> <span class='ocrx_word' id='word_1_161' title='bbox 1508 2303 1670 2356; x_wconf 88' lang='lat' dir='ltr'>fabri-</span> 
     </span>
     <span class='ocr_line' id='line_1_25' title="bbox 57 2369 1731 2439; baseline 0.003 -17"><span class='ocrx_word' id='word_1_162' title='bbox 57 2369 188 2422; x_wconf 86' lang='lat' dir='ltr'>catis</span> <span class='ocrx_word' id='word_1_163' title='bbox 251 2387 427 2439; x_wconf 90' lang='lat' dir='ltr'>neque</span> <span class='ocrx_word' id='word_1_164' title='bbox 472 2370 708 2439; x_wconf 89' lang='lat' dir='ltr'>pondere</span> <span class='ocrx_word' id='word_1_165' title='bbox 754 2375 847 2423; x_wconf 85' lang='lat' dir='ltr'>aut</span> <span class='ocrx_word' id='word_1_166' title='bbox 902 2390 1154 2426; x_wconf 88' lang='lat' dir='ltr'>mensura</span> <span class='ocrx_word' id='word_1_167' title='bbox 1210 2374 1556 2426; x_wconf 89' lang='lat' dir='ltr'>inferioribus</span> <span class='ocrx_word' id='word_1_168' title='bbox 1615 2378 1668 2427; x_wconf 90' lang='lat' dir='ltr'>et</span> <span class='ocrx_word' id='word_1_169' title='bbox 1690 2388 1731 2421; x_wconf 82' lang='lat'>25</span> 
     </span>
     <span class='ocr_line' id='line_1_26' title="bbox 57 2439 1667 2514; baseline 0.002 -22"><span class='ocrx_word' id='word_1_170' title='bbox 57 2439 250 2508; x_wconf 90' lang='lat' dir='ltr'>quibus</span> <span class='ocrx_word' id='word_1_171' title='bbox 288 2459 351 2493; x_wconf 88' lang='lat' dir='ltr'>ea</span> <span class='ocrx_word' id='word_1_172' title='bbox 386 2459 499 2493; x_wconf 91' lang='lat' dir='ltr'>non</span> <span class='ocrx_word' id='word_1_173' title='bbox 538 2445 691 2494; x_wconf 88' lang='lat' dir='ltr'>erant</span> <span class='ocrx_word' id='word_1_174' title='bbox 735 2443 996 2510; x_wconf 89' lang='lat' dir='ltr'>praeustis</span> <span class='ocrx_word' id='word_1_175' title='bbox 1034 2444 1253 2496; x_wconf 88' lang='lat' dir='ltr'>sudibus</span> <span class='ocrx_word' id='word_1_176' title='bbox 1264 2486 1279 2513; x_wconf 82' lang='lat'><em>‚</em></span> <span class='ocrx_word' id='word_1_177' title='bbox 1318 2444 1468 2496; x_wconf 92' lang='lat' dir='ltr'>illinc</span> <span class='ocrx_word' id='word_1_178' title='bbox 1505 2444 1667 2514; x_wconf 85' lang='lat' dir='ltr'>sagit-</span> 
     </span>
     <span class='ocr_line' id='line_1_27' title="bbox 54 2509 1668 2567; baseline 0.003 -5"><span class='ocrx_word' id='word_1_179' title='bbox 54 2509 124 2562; x_wconf 84' lang='lat' dir='ltr'>tis</span> <span class='ocrx_word' id='word_1_180' title='bbox 161 2514 424 2564; x_wconf 82' lang='lat' dir='ltr'>certantes</span> <span class='ocrx_word' id='word_1_181' title='bbox 462 2512 604 2564; x_wconf 91' lang='lat' dir='ltr'>inter</span> <span class='ocrx_word' id='word_1_182' title='bbox 639 2530 695 2564; x_wconf 90' lang='lat' dir='ltr'>se</span> <span class='ocrx_word' id='word_1_183' title='bbox 732 2512 962 2566; x_wconf 89' lang='lat' dir='ltr'>invicem</span> <span class='ocrx_word' id='word_1_184' title='bbox 998 2514 1064 2566; x_wconf 89' lang='lat' dir='ltr'>ad</span> <span class='ocrx_word' id='word_1_185' title='bbox 1099 2515 1330 2567; x_wconf 88' lang='lat' dir='ltr'>multum</span> <span class='ocrx_word' id='word_1_186' title='bbox 1356 2514 1497 2566; x_wconf 89' lang='lat' dir='ltr'>diem</span> <span class='ocrx_word' id='word_1_187' title='bbox 1522 2533 1668 2567; x_wconf 89' lang='lat' dir='ltr'>exer-</span> 
     </span>
     <span class='ocr_line' id='line_1_28' title="bbox 56 2581 1667 2656; baseline 0.003 -23"><span class='ocrx_word' id='word_1_188' title='bbox 56 2597 199 2648; x_wconf 87' lang='lat' dir='ltr'>cere,</span> <span class='ocrx_word' id='word_1_189' title='bbox 259 2581 351 2634; x_wconf 90' lang='lat' dir='ltr'>alii</span> <span class='ocrx_word' id='word_1_190' title='bbox 422 2583 562 2635; x_wconf 85' lang='lat' dir='ltr'>saxis</span> <span class='ocrx_word' id='word_1_191' title='bbox 627 2583 928 2636; x_wconf 86' lang='lat' dir='ltr'>utebantur.</span> <span class='ocrx_word' id='word_1_192' title='bbox 1012 2584 1102 2636; x_wconf 89' lang='lat' dir='ltr'>sed</span> <span class='ocrx_word' id='word_1_193' title='bbox 1158 2586 1300 2637; x_wconf 89' lang='lat' dir='ltr'>inter</span> <span class='ocrx_word' id='word_1_194' title='bbox 1359 2585 1667 2656; x_wconf 83' lang='lat' dir='ltr'>sagittarios</span> 
     </span>
     <span class='ocr_line' id='line_1_29' title="bbox 55 2651 1665 2724; baseline 0.004 -21"><span class='ocrx_word' id='word_1_195' title='bbox 55 2651 284 2704; x_wconf 84' lang='lat' dir='ltr'>maxime</span> <span class='ocrx_word' id='word_1_196' title='bbox 330 2652 609 2705; x_wconf 86' lang='lat' dir='ltr'>anteibant</span> <span class='ocrx_word' id='word_1_197' title='bbox 666 2652 850 2706; x_wconf 87' lang='lat' dir='ltr'>Ulixes</span> <span class='ocrx_word' id='word_1_198' title='bbox 917 2653 1118 2707; x_wconf 88' lang='lat' dir='ltr'>Teucer</span> <span class='ocrx_word' id='word_1_199' title='bbox 1172 2655 1440 2708; x_wconf 88' lang='lat' dir='ltr'>Meriones</span> <span class='ocrx_word' id='word_1_200' title='bbox 1496 2655 1665 2724; x_wconf 89' lang='lat' dir='ltr'>Epios</span> 
     </span>
    </p>
   </div>
   <div class='ocr_carea' id='block_1_5' title="bbox 54 2780 392 2787">
    <p class='ocr_par' dir='ltr' id='par_1_5' title="bbox 54 2780 392 2787">
     <span class='ocr_line' id='line_1_30' title="bbox 54 2780 392 2787; baseline 0 391"><span class='ocrx_word' id='word_1_201' title='bbox 54 2780 392 2787; x_wconf 95' lang='lat' dir='ltr'> </span> 
     </span>
    </p>
   </div>
   <div class='ocr_carea' id='block_1_6' title="bbox 56 2849 1660 2962">
    <p class='ocr_par' dir='ltr' id='par_1_6' title="bbox 56 2849 1660 2962">
     <span class='ocr_line' id='line_1_31' title="bbox 172 2849 1660 2908; baseline 0.005 -19"><span class='ocrx_word' id='word_1_202' title='bbox 172 2852 221 2890; x_wconf 82' lang='lat'>11</span> <span class='ocrx_word' id='word_1_203' title='bbox 253 2849 444 2891; x_wconf 84' lang='lat' dir='ltr'>laeticia</span> <span class='ocrx_word' id='word_1_204' title='bbox 469 2851 503 2891; x_wconf 88' lang='lat' dir='ltr'><em>G</em></span> <span class='ocrx_word' id='word_1_205' title='bbox 525 2853 633 2901; x_wconf 80' lang='lat' dir='ltr'>(tres</span> <span class='ocrx_word' id='word_1_206' title='bbox 663 2855 829 2893; x_wconf 77' lang='lat' dir='ltr'>ultimae</span> <span class='ocrx_word' id='word_1_207' title='bbox 861 2856 1028 2894; x_wconf 83' lang='lat' dir='ltr'>litterae</span> <span class='ocrx_word' id='word_1_208' title='bbox 1058 2855 1154 2905; x_wconf 82' lang='lat' dir='ltr'>fere</span> <span class='ocrx_word' id='word_1_209' title='bbox 1185 2855 1379 2908; x_wconf 65' lang='grc' dir='ltr'>ἀείείαε)6</span> <span class='ocrx_word' id='word_1_210' title='bbox 1466 2857 1519 2896; x_wconf 83' lang='grc'>25</span> <span class='ocrx_word' id='word_1_211' title='bbox 1552 2869 1660 2908; x_wconf 89' lang='lat' dir='ltr'>pon-</span> 
     </span>
     <span class='ocr_line' id='line_1_32' title="bbox 56 2904 1339 2962; baseline 0.005 -16"><span class='ocrx_word' id='word_1_212' title='bbox 56 2904 177 2948; x_wconf 83' lang='lat' dir='ltr'>deris</span> <span class='ocrx_word' id='word_1_213' title='bbox 208 2910 288 2948; x_wconf 80' lang='lat' dir='ltr'>aut</span> <span class='ocrx_word' id='word_1_214' title='bbox 319 2919 559 2948; x_wconf 86' lang='lat' dir='ltr'>mensurae</span> <span class='ocrx_word' id='word_1_215' title='bbox 594 2907 671 2948; x_wconf 85' lang='lat' dir='ltr'>GB</span> <span class='ocrx_word' id='word_1_216' title='bbox 730 2909 933 2962; x_wconf 85' lang='lat' dir='ltr'>pondere</span> <span class='ocrx_word' id='word_1_217' title='bbox 966 2914 1012 2951; x_wconf 84' lang='lat' dir='ltr'>et</span> <span class='ocrx_word' id='word_1_218' title='bbox 1041 2922 1255 2952; x_wconf 85' lang='lat' dir='ltr'>mensura</span> <span class='ocrx_word' id='word_1_219' title='bbox 1287 2913 1339 2954; x_wconf 88' lang='lat' dir='ltr'>P.</span> 
     </span>
    </p>
   </div>
   <div class='ocr_carea' id='block_1_7' title="bbox 1351 2982 1410 3023">
    <p class='ocr_par' dir='ltr' id='par_1_7' title="bbox 1351 2982 1410 3023">
     <span class='ocr_line' id='line_1_33' title="bbox 1351 2982 1410 3023; baseline 0 -19"><span class='ocrx_word' id='word_1_220' title='bbox 1351 2982 1410 3023; x_wconf 66' lang='grc'>4*</span> 
     </span>
    </p>
   </div>
  </div>
 </body>
</html>
