1956 3178
1691 68 1782 107 vlt

295 183 409 237 Iam
457 200 583 236 vero
632 180 870 235 exoritur
917 180 1185 250 quaestio,
1235 179 1320 232 cui
1367 179 1499 233 haec
1549 179 1778 233 historia

151 254 283 308 belli
328 253 550 307 Troiani
597 251 852 305 debeatur
898 254 952 304 et
1035 269 1105 303 uo
1153 253 1394 320 tempore
1443 251 1642 331 scripta
1689 252 1777 319 sit,

153 325 220 379 de
258 342 364 395 qua
400 342 456 377 re
495 322 623 393 quid
670 323 740 375 sit
786 324 1000 374 statuen
1038 340 1129 373 um
1183 321 1417 374 maxima
1453 321 1595 374 inter
1631 322 1777 374 viros

155 396 341 450 doctos
380 398 461 448 est
485 393 770 446 dissensio:
807 410 907 445 nec
933 391 1220 445 defuerunt
1245 392 1394 461 adeo,
1435 393 1526 461 qui
1552 392 1607 444 id
1634 391 1778 460 quod

157 467 184 520 Ι
223 466 288 520 13
325 468 573 519 narratur
612 482 796 516 verum
835 481 947 516 esse
990 463 1095 515 rati
1132 462 1334 531 Dictyn
1373 463 1626 516 comitem
1662 462 1779 515 Ido-

159 536 334 590 menei
359 538 633 589 auctorem
657 533 827 587 libelli
853 537 1121 603 putarent.
1174 534 1251 585 At
1287 533 1419 586 haec
1456 534 1574 602 ipsa
1599 534 1778 602 verba,

94 648 105 651 <
158 607 263 660 nisi
299 607 440 660 forte
467 606 635 659 serius
662 605 843 658 addita
880 608 1022 674 sunt,
1062 604 1192 657 satis
1219 605 1591 657 demonstrant
1618 609 1780 673 scrip-

155 680 330 731 torem
367 676 492 730 data
529 694 692 745 opera
728 676 979 728 mirificas
1007 647 1156 728 ’istas
1194 674 1404 727 fabulas
1450 675 1507 727 in
1545 675 1782 727 medium

158 747 444 818 protulisse
484 765 546 800 eo
592 747 843 815 consili0,
891 749 953 799 ut
1001 746 1102 799 sibi
1140 746 1399 798 maiorem
1443 748 1783 826 compararet

155 819 318 872 fidem
369 821 529 887 atque
578 818 982 871 auctoritatem:
1039 835 1248 869 summa
1294 817 1463 886 enim,
1513 817 1632 885 quis
1680 817 1784 870 hoc

159 888 477 959 negaverit?
514 888 618 942 fide
657 888 868 958 dignuS,
909 888 1001 957 qui
1039 888 1104 940 iis
1143 887 1273 956 ipsis
1310 887 1469 940 rebus
1516 887 1782 955 interfuit,

157 979 290 1029 quas
344 962 551 1028 narrat,
610 959 699 1028 qui
751 977 841 1013 eos
887 958 1134 1012 hommes
1144 1000 1159 1027 ,
1211 976 1440 1027 quorum
1499 958 1641 1011 facta
1699 957 1785 1010 (16-

158 1030 358 1099 scribit,
397 1031 415 1083 i
483 1048 509 1083 e
536 1029 672 1082 vidit
698 1032 751 1082 et
775 1030 944 1083 novit.
1007 1028 1195 1098 Itaque
1235 1031 1422 1082 auctor
1459 1029 1601 1082 idem
1638 1028 1784 1097 fecit,

197 1100 303 1155 uod
339 1102 398 1154 in
416 1049 630 1153 {darete
656 1101 912 1170 Phrygio,
952 1100 1093 1152 idem
1133 1099 1277 1168 quod
1314 1100 1372 1152 in
1399 1098 1630 1169 Sisypho
1671 1099 1783 1153 Coo

185 1175 364 1226 actum
402 1174 482 1224 est
515 1170 764 1237 (Malalae
790 1170 1241 1241 Chronographia
1266 1170 1318 1223 V
1356 1190 1406 1239 p.
1451 1170 1585 1239 168),
1625 1188 1786 1239 quem

158 1243 411 1296 comitem
448 1241 639 1295 Teucri
687 1242 829 1295 bello
868 1214 1102 1294 Troiano
1149 1241 1457 1294 interfuisse
1506 1244 1668 1310 atque
1706 1240 1786 1292 hi-

162 1314 384 1366 storiam
406 1313 519 1365 eius
544 1312 673 1364 belli
693 1313 965 1381 scripsisse
991 1312 1321 1380 fabulantur,
1344 1330 1409 1364 ex
1436 1330 1542 1380 qua
1567 1314 1785 1380 postero

157 1386 401 1453 tempore
437 1382 706 1436 Homerus
744 1383 982 1452 Iliadem,
1009 1382 1286 1453 Vergilius
1325 1382 1623 1435 Aeneidem
1663 1400 1788 1435 con-

161 1454 370 1507 diderit.
447 1452 583 1507 Cum
629 1454 731 1506 hac
768 1454 943 1523 prima
990 1454 1103 1506 eius
1151 1453 1340 1506 fraude
1387 1453 1597 1522 reliqua
1634 1453 1787 1506 artis-

161 1525 293 1578 sime
332 1524 634 1578 cohaerent.
686 1524 903 1578 Etenim
930 1542 1050 1576 cum
1075 1523 1265 1592 Dictys
1305 1542 1486 1577 comes
1510 1523 1788 1577 Idomenei

162 1598 350 1648 auctor
387 1599 525 1648 esset
560 1595 734 1647 factus
783 1595 942 1647 huius
991 1595 1140 1664 libri,
1190 1613 1296 1663 qua
1341 1594 1563 1647 tandem
1600 1595 1789 1665 lingua

162 1668 376 1736 poterat
413 1666 494 1718 uti
532 1666 637 1718 alia
674 1669 835 1734 atque
864 1665 1105 1718 Graeca?
1126 1637 1457 1734 Oportebat
1481 1666 1648 1735 igitur
1675 1666 1788 1718 eius

162 1735 1620 1887 Sffimfflzmfflssziffisse⁰51d232¹201⁰152²5125533sta235{12¹3ss
1659 1754 1789 1859 (Ξιῗὲθ

164 1897 296 1948 quas
348 1878 406 1930 in
454 1877 684 1946 epistola
740 1881 794 1930 et
847 1878 1077 1947 prologo
1124 1877 1355 1947 legimus
1402 1894 1607 1947 nugae,
1658 1896 1790 1947 quas

164 1952 379 2019 postero
436 1951 678 2017 tempore
726 1949 982 2016 repetitas
1040 1951 1199 2016 atque
1261 1949 1620 2016 conprobatas
1677 1966 1790 2001 esse

164 2037 278 2073 non
303 2021 384 2072 est
409 2018 553 2088 quod
580 2019 848 2071 miremur.
902 2016 1126 2071 Nullum
1153 2022 1331 2071 autem
1360 2019 1551 2071 Graeci
1578 2018 1790 2088 Dictyis

164 2092 408 2159 superest
444 2089 747 2169 vestigium.

308 2158 455 2221 Quae
493 2177 614 2212 cum
647 2159 724 2211 ita
761 2159 885 2227 sint,
924 2159 1089 2211 libere
1117 2160 1361 2212 confiteri
1401 2159 1653 2212 debemus
1691 2177 1792 2212 nos

168 2233 438 2283 auctorem
474 2229 750 2300 ignorare,
790 2230 882 2298 qui
919 2247 987 2282 ne
1026 2234 1407 2310 agnosceretur
1446 2230 1594 2283 omni
1631 2230 1791 2283 modo

169 2299 390 2368 studuit,
429 2300 531 2352 hoc
569 2271 750 2353 133111611
787 2300 944 2352 facile
982 2300 1366 2369 perspiciemus
1406 2318 1529 2353 eum
1568 2300 1794 2353 Graeca-

167 2389 289 2424 rum
326 2369 796 2440 Romanarumque
843 2370 1170 2439 litterarum,
1208 2371 1474 2440 imprimis
1510 2370 1793 2424 historico-

169 2459 290 2494 rum
326 2440 695 2494 Romanorum
742 2441 908 2494 fuisse
946 2442 1335 2510 peritissimum
1378 2444 1432 2494 et
1471 2460 1535 2494 ex
1574 2442 1793 2511 optimis

170 2511 413 2564 fontibus
438 2513 722 2593 praecipue
749 2530 814 2564 ex
838 2511 1077 2565 Homero
1104 2512 1346 2583 hausisse
1390 2511 1478 2579 (cf.
1504 2511 1531 2564 I
1556 2512 1666 2580 27),
1705 2530 1795 2565 ne-

170 2600 276 2651 que
323 2582 619 2635 errabimus
667 2582 712 2634 si
759 2582 1043 2635 statuimus
1098 2601 1220 2635 eum
1265 2582 1546 2636 rhetorum
1594 2582 1793 2636 36110113

171 2669 286 2704 6336
325 2651 593 2706 eruditum
632 2655 793 2721 atque
831 2652 955 2705 inde
1005 2654 1154 2722 operi
1193 2671 1288 2706 suo
1339 2653 1599 2722 quidquid
1636 2653 1694 2705 in
1731 2670 1794 2706 eo

174 2725 255 2775 est
317 2725 536 2776 ornatus
607 2726 767 2792 atque
854 2723 1155 2792 elegantiae
1233 2723 1503 2777 adiecisse.
1598 2722 1790 2785 Quem—

170 2791 458 2846 admodum
511 2795 691 2847 autem
746 2794 1026 2846 materiam
1082 2812 1146 2846 ex
1205 2793 1426 2848 diversis
1483 2794 1790 2848 auctoribus
