1956 3178
543 122 730 164 BELLI
758 117 1010 164 TROIANI
1038 118 1158 161 LIB.
1191 116 1253 159 11.
1640 117 1707 171 27

232 246 350 300 XV.
437 247 542 300 Per
595 247 734 300 idem
795 250 1007 315 tempus
1062 243 1349 298 Diomedes
1411 246 1466 296 et
1522 242 1709 296 Ulixes

0 319 3 360 l
89 317 375 371 consilium
423 317 487 371 de
534 317 900 371 interficiendo
961 314 1246 370 Palamede
1293 315 1509 383 ineunt,
1559 333 1708 368 more

0 398 4 453 J
90 389 298 470 ingenii
344 389 593 457 humani,
652 388 795 458 quod
842 387 1121 440 imbellum
1167 386 1447 439 adversum
1496 384 1708 439 dolores

90 460 256 512 ammi
294 463 347 513 et
383 459 614 512 invidiae
651 460 872 528 plenum
910 458 1104 512 anteiri
1142 475 1197 510 se
1236 476 1268 509 a
1304 456 1524 510 meliore
1563 456 1709 510 haud

90 530 248 584 facile
285 531 502 599 patitur.
576 530 744 600 igitur
791 530 1041 583 simulato
1090 527 1234 598 quod
1279 527 1592 581 thesaurum
1629 546 1708 580 re·
1731 544 1751 577 5

90 605 302 670 pertum
359 601 417 653 in
471 604 635 670 puteo
694 619 815 654 cum
874 619 936 654 eo
993 600 1183 670 partiri
1231 598 1434 652 vellent
1489 599 1708 653 remotis

88 671 276 741 procul
313 671 562 724 omnibus
598 672 944 741 persuadent,
995 672 1072 724 uti
1125 672 1239 739 ipse
1277 670 1457 738 potius
1497 670 1709 724 descen-

87 742 238 795 deret
274 759 501 811 eumque
538 743 676 795 nihil
714 743 957 796 insidiosi
1005 744 1334 795 metuentem
1382 740 1708 794 adminiculo

86 813 233 866 funis
271 831 426 866 usum
452 813 731 883 deponunt
768 832 830 867 ac
868 831 1094 883 propere
1121 811 1347 880 arreptis
1385 812 1545 880 saxiS‚
1573 830 1707 880 quae

87 883 288 938 circum
345 887 525 953 erant,
580 885 804 954 desuper
859 886 1110 938 obruunt.
1203 883 1279 936 ita
1333 883 1416 935 vir
1472 883 1708 952 optimus
1733 900 1773 931 ιο

40 982 52 988 -
87 958 443 1024 acceptusque
482 956 539 1008 in
575 957 835 1024 exercitu,
874 956 1024 1009 cuius
1061 973 1235 1024 neque
1274 954 1559 1007 consilium
1596 973 1709 1006 um-

89 1043 251 1095 quam
287 1043 461 1095 neque
488 1027 657 1079 virtus
695 1026 894 1080 frustra
930 1027 1061 1096 fuit,
1101 1027 1496 1079 circumventus
1534 1043 1565 1078 a
1594 1025 1709 1094 qui-

89 1096 187 1150 bus
243 1097 463 1149 minime
520 1097 770 1150 decuerat
825 1097 1049 1168 indigno
1098 1096 1258 1150 modo
1305 1096 1526 1149 interiit.
1617 1095 1709 1149 sed

87 1167 265 1236 fuere,
305 1167 397 1236 qui
447 1168 558 1220 eius
607 1169 817 1222 consilii
856 1169 999 1221 haud
1038 1171 1309 1237 expertem
1347 1169 1709 1237 Agamemno-

87 1256 213 1291 nem
238 1237 489 1307 dicerent,
528 1239 597 1292 ob
635 1258 871 1292 amorem
894 1239 1042 1292 ducis
1080 1239 1138 1291 in
1175 1238 1468 1291 exercitum
1504 1242 1558 1291 et
1583 1237 1710 1307 quia
1733 1254 1774 1287 15

86 1327 213 1379 pars
250 1310 483 1362 maxima
519 1310 635 1380 regi
682 1311 750 1363 ab
797 1328 859 1363 eo
909 1311 1129 1379 cupiens
1166 1308 1487 1362 tradendum
1525 1308 1575 1362 ei
1612 1309 1709 1361 im-

85 1380 296 1450 perium
343 1381 519 1449 palam
566 1381 938 1450 loquebantur.
1023 1381 1191 1451 igitur
1228 1398 1260 1433 a
1298 1379 1506 1433 cunctis
1545 1378 1708 1433 Grae-

88 1450 164 1504 cis
189 1451 356 1504 veluti
390 1451 665 1520 publicum
703 1451 865 1505 funus
903 1453 1016 1505 eius
1044 1456 1337 1505 crematum
1375 1451 1507 1522 igni,
1546 1469 1707 1505 aureo

86 1521 304 1575 vasculo
343 1522 612 1591 sepultum
651 1526 747 1575 est.

228 1591 375 1646 XVI.
442 1592 667 1646 Interim
704 1593 944 1646 Achilles
981 1593 1254 1646 ministras
1293 1596 1347 1645 et
1385 1593 1553 1645 veluti
1592 1592 1708 1646 offi-
1730 1608 1773 1642 20

86 1663 263 1716 cinam
300 1663 428 1716 belli
464 1664 735 1732 proximas
775 1664 967 1717 Troiae
1006 1664 1248 1717 civitates
1285 1667 1433 1718 ratus
1481 1664 1708 1733 sumptis

87 1733 298 1803 aliquot
352 1735 578 1787 navibus
629 1734 863 1788 Lesbum
925 1734 1236 1805 aggreditur
1301 1753 1362 1788 ac
1427 1735 1542 1789 sine
1599 1734 1710 1788 ulla

87 1803 403 1858 difficultate
442 1823 559 1858 eam
594 1806 738 1874 capit
785 1810 839 1859 et
873 1805 1188 1859 Phorbanta
1233 1806 1338 1859 loci
1376 1806 1490 1859 eius
1527 1823 1709 1877 regem

85 1875 256 1928 multa
293 1875 575 1928 adversum
602 1876 835 1930 Graecos
872 1877 1143 1930 hostiliter
1166 1877 1416 1930 molitum
1453 1877 1710 1930 interficit

85 1948 246 2014 atque
301 1945 425 1998 inde
489 1945 839 2000 Diomedeam
904 1948 1070 2001 filiam
1126 1966 1184 2000 re
1225 1948 1270 2000 is
1334 1966 1456 2000 cum
1510 1966 1600 2001 ma
1637 1966 1710 2000 na
1732 1962 1774 1995 25

85 2015 282 2086 praeda
328 2016 558 2072 abducit.
643 2018 766 2071 dein
812 2017 1037 2087 Scyrum
1085 2021 1139 2070 et
1242 2018 1505 2087 ierapolin
1551 2037 1617 2071 ur
1655 2036 1710 2071 es

85 2086 309 2140 refertas
382 2087 583 2140 divitiis
676 2090 882 2141 cunctis
961 2106 1180 2142 suorum
1254 2089 1599 2158 poscentibus
1655 2090 1709 2142 vi

87 2174 286 2226 magna
322 2175 606 2228 aggressus
643 2159 827 2227 paucis
866 2159 1051 2212 diebus
1089 2160 1204 2212 sine
1242 2159 1354 2212 ulla
1391 2159 1708 2213 difficultate

90 2227 339 2280 excindit.
414 2231 650 2281 ceterum
708 2247 813 2298 qua
867 2231 1127 2300 pergebat
1182 2231 1299 2301 agri
1354 2229 1539 2283 referti
1593 2231 1708 2301 iugi

86 2314 216 2366 pace
255 2297 561 2366 depraedati
598 2300 952 2370 omnibusque
978 2301 1156 2354 vexati
1194 2319 1369 2370 neque
1405 2301 1707 2370 quicquam,
1731 2316 1773 2349 30

199 2427 297 2468 XV.
328 2427 486 2469 Tzetz.
527 2428 765 2471 Antehom.
804 2431 886 2472 297
926 2444 1052 2484 seqq.
1101 2430 1260 2472 Const.
1299 2431 1501 2472 Manass.
1542 2431 1613 2472 26.
1654 2431 1709 2471 2⁷

86 2481 261 2525 Auctor
289 2481 385 2525 τῶν
420 2483 647 2534 Τρωϊκῶν
675 2486 722 2526 in
754 2489 806 2528 Β.
840 2487 933 2528 Uff.
966 2487 1225 2530 XXXVIII.

198 2538 317 2581 XVI.
358 2540 502 2582 XVII.
542 2541 700 2583 Malal.
736 2545 831 2585 125.
874 2545 955 2585 126
995 2545 1096 2584 init.
1137 2543 1332 2585 Cedren.
1365 2543 1402 2584 P
1436 2544 1517 2584 126
1547 2544 1708 2587 Tzetz.

86 2595 327 2638 Antehom.
360 2598 444 2638 349
477 2609 572 2651 seq.

202 2695 227 2734 7
253 2695 445 2746 fortasse
473 2697 741 2738 scribendum
772 2705 837 2738 esc
867 2699 1150 2751 persuadent
1184 2698 1227 2738 ei
1327 2699 1354 2740 8
1383 2697 1607 2740 insidiose
1631 2698 1709 2740 GB

85 2748 354 2793 insidiosum
391 2753 434 2792 V
486 2752 699 2797 insidiosi
733 2754 835 2796 God.
870 2756 1053 2796 Heinsii.
1106 2754 1401 2796 amminiculo
1435 2754 1470 2795 G
1559 2757 1611 2796 10
1642 2756 1710 2796 ita

87 2808 140 2846 ut
173 2806 208 2847 G
298 2809 346 2847 11
378 2808 506 2850 cuius
537 2822 623 2862 que
657 2810 735 2850 GB
824 2813 875 2851 12
908 2824 1086 2864 nequae
1112 2811 1147 2852 G
1206 2811 1361 2853 fuerat
1389 2811 1431 2851 V
1518 2813 1570 2852 14
1590 2811 1710 2865 Aga-

87 2873 192 2902 men
222 2875 387 2904 nomen
411 2864 447 2904 G
548 2866 600 2906 15
630 2866 678 2906 in
711 2868 916 2908 exercitu
946 2868 1198 2908 Perizonius
1298 2869 1354 2910 23
1386 2868 1604 2911 forbanta
1629 2868 1709 2910 GB

88 2918 143 2958 26
181 2919 323 2972 preda
356 2919 435 2961 GB
495 2920 709 2974 phyrram
741 2922 776 2964 G
834 2923 1025 2976 phyram
1055 2923 1112 2963 B.
