1956 3178
195 164 332 202 XLVI
805 133 1221 182 PRAEFATIO.

197 262 473 334 Mysiam.“
534 293 603 299 —
662 259 918 329 „Scripsit
970 256 1139 309 Dares
1194 254 1335 323 quod
1391 272 1452 306 eo
1507 252 1590 315 die
1649 251 1849 317 troilus·

195 339 395 392 multos
450 336 646 388 milites
699 331 967 385 interfecit
1021 348 1084 382 ex
1138 326 1340 398 grecis“
1394 326 1498 394 (De
1558 325 1841 390 undecimo
1893 318 1951 387 “g

208 411 374 480 bello)
415 410 478 462 cf.
517 408 686 460 Dares
726 426 777 474 p.
818 406 902 473 35,
954 404 1019 456 19
1061 401 1271 471 „prodit
1308 401 1366 452 in
1404 400 1576 469 primo
1616 397 1844 464 Troilus,
1918 395 1949 423 Τ

201 485 375 540 caedit
413 480 699 548 devastat“‚
740 483 793 531 et
830 478 1010 547 paullo
1050 476 1191 528 infra
1228 475 1455 542 „multos
1496 473 1654 525 duces
1686 470 1846 540 Argi·

204 576 395 613 vorum
444 556 656 608 Troilus
707 550 989 605 interficit“
1028 580 1097 592 ..-
1135 548 1342 617 „Quare
1395 546 1596 600 sciendi
1642 544 1850 598 fervore
1943 579 1956 612 4

204 635 383 702 ipsum
422 646 711 699 agnoscere
759 626 996 696 gestiunt
1045 641 1228 676 omnes
1278 623 1539 688 astanteS,
1587 619 1851 688 quaerunt

169 731 171 733 ·
205 708 319 758 eius
360 704 596 771 comites,
635 701 774 753 unde
822 700 930 751 sint
969 701 1021 751 et
1061 695 1360 764 specialiter
1399 694 1516 763 quis
1558 693 1629 745 sit
1665 689 1852 744 Paris“

207 779 313 848 (De
359 795 580 830 numero
628 775 845 827 navium
894 790 1024 841 quas
1065 769 1285 822 Troiani
1331 768 1596 819 duxerunt
1641 766 1699 818 in
1737 780 1852 834 gre-

208 871 393 906 corum
433 845 921 918 depopulationem)
962 845 1024 897 cf.
1063 843 1232 896 Dares
1272 862 1321 910 p.
1351 843 1431 909 12,
1470 842 1506 892 4
1541 839 1629 908 „hi
1669 838 1759 908 qui
1796 837 1856 889 in

209 926 387 980 insula
411 924 576 990 erant,
600 922 934 974 mirabantur
958 920 1183 970 classem
1206 916 1423 984 regiam,
1447 912 1856 982 interrogabant

213 1001 281 1053 ab
320 999 425 1051 illis
466 998 557 1066 qui
596 1014 718 1048 cum
741 992 1046 1046 Alexandro
1071 992 1343 1057 venerant,
1384 988 1691 1057 quiessent,
1731 983 1859 1053 quid

212 1070 519 1126 venissent“
559 1101 627 1106 —
675 1067 964 1134 Praecipue
1017 1067 1194 1116 autem
1245 1063 1519 1129 complura
1569 1077 1703 1128 quae
1759 1057 1859 1110 sub
1951 1063 1956 1070 ²

212 1148 377 1199 finem
429 1145 554 1196 libri
599 1141 900 1194 invenimus
959 1157 1079 1190 cum
1130 1136 1325 1188 Darete
1379 1133 1742 1199 consentiunt,
1801 1132 1863 1182 ut
1952 1182 1956 1187 ,

217 1222 370 1273 haec:
411 1219 499 1287 „in
521 1218 627 1269 fine
651 1219 833 1267 tamen
858 1212 1030 1281 operis
1059 1211 1139 1262 sui
1162 1211 1263 1262 hoc
1289 1208 1512 1260 addidit:
1551 1205 1862 1275 Pugnatum

220 1298 303 1347 est
353 1292 508 1345 annis
561 1291 740 1342 decem
790 1286 1064 1338 mensibus
1117 1302 1208 1335 sex
1259 1282 1441 1334 diebus
1489 1279 1766 1332 duodecim
1812 1279 1867 1329 et

222 1369 284 1420 de
326 1365 508 1418 Grecis
548 1364 764 1415 fuerunt
803 1360 943 1428 apud
982 1358 1198 1410 Troiam
1238 1356 1546 1424 octingenta
1586 1371 1679 1406 sex
1716 1350 1864 1404 milia
1953 1388 1956 1390 -

221 1442 597 1510 pugnatorum.
675 1434 893 1487 Troiani
917 1451 1041 1484 vero
1066 1433 1367 1500 pugnantes
1393 1428 1483 1497 qui
1517 1444 1614 1495 pro
1654 1425 1868 1478 civitate

223 1517 343 1583 ipsa
383 1510 712 1564 defendenda
751 1508 1139 1576 pugnaverunt,
1178 1504 1395 1555 fuerunt
1434 1502 1683 1554 sexcenta
1720 1497 1870 1550 milia

227 1586 570 1656 septuaginta
610 1602 714 1635 sex.
739 1581 891 1633 Dixit
930 1580 1092 1631 etiam
1129 1595 1292 1629 naves
1301 1619 1314 1644 ,
1355 1594 1475 1628 cum
1515 1574 1705 1642 quibus
1745 1588 1869 1624 exu-

225 1662 359 1713 lavit
418 1658 598 1710 Encas
653 1657 819 1708 fuisse
874 1655 1128 1705 ducentas
1186 1654 1238 1703 et
1293 1669 1412 1702 cum
1466 1648 1657 1716 quibus
1713 1645 1875 1705 etiam

226 1734 379 1787 Paris
426 1733 484 1783 in
532 1730 777 1782 Greciam
823 1727 926 1778 fuit
971 1726 1252 1794 profectus.
1329 1721 1547 1774 Troiani
1585 1737 1733 1786 vero,
1785 1716 1877 1787 qui

231 1806 398 1861 secuti
438 1808 562 1857 sunt
585 1803 967 1868 Anthenorem,
1005 1799 1222 1850 fuerunt
1254 1798 1356 1848 duo
1397 1796 1544 1847 milia
1582 1789 1877 1862 quingenti,

233 1880 395 1934 ceteri
443 1878 610 1931 secuti
659 1879 784 1928 sunt
829 1872 1067 1925 Eneam“
1113 1872 1175 1924 cf.
1215 1870 1384 1922 Dares
1424 1889 1472 1937 p.
1513 1868 1606 1934 52,
1653 1866 1686 1918 3
1735 1881 1879 1933 seqq.

232 1955 312 2006 Ac
350 1971 416 2004 ne
458 1951 583 2020 quid
609 1951 816 2001 deesset
839 1965 1146 2012 consensus,
1171 1947 1440 2012 postremo
1466 1941 1650 1993 tabula
1673 1955 1878 2007 pugna-

233 2032 432 2093 torum,
488 2026 551 2076 de
593 2042 696 2093 qua
734 2042 784 2090 p.
816 2020 906 2072 IX.
940 2019 1185 2085 disserui,
1243 2017 1487 2082 adicitur,
1541 2015 1599 2065 in
1637 2030 1742 2081 qua
1778 2011 1880 2063 hoc

235 2103 449 2153 tantum
511 2098 642 2149 mihi
705 2098 896 2147 notatu
952 2094 1174 2162 dignum
1213 2091 1434 2156 videtur,
1490 2086 1631 2156 quod
1683 2083 1880 2136 rectius

237 2191 398 2243 quam
438 2173 496 2223 in
535 2170 682 2223 codd.
724 2187 856 2237 quos
905 2166 1149 2235 equidem
1197 2163 1423 2232 cognovi
1462 2160 1784 2228 Epistropus
1832 2157 1886 2208 et

239 2247 430 2300 Gedius
456 2244 511 2314 (i.
537 2262 578 2295 0.
602 2241 962 2310 Epistrophus
988 2242 1041 2291 et
1066 2235 1344 2305 Schedius)
1368 2236 1425 2287 in
1448 2250 1670 2286 numero
1695 2246 1893 2283 eorum-

246 2322 373 2373 sunt
412 2337 543 2387 quos
582 2315 785 2368 Hector
823 2313 1102 2366 interfecit.

389 2392 461 2444 Iis
519 2408 651 2459 quae
709 2389 898 2440 ultimo
945 2388 1062 2439 loco
1111 2384 1289 2436 addidi
1338 2382 1589 2434 Daretem
1636 2379 1685 2430 ei
1729 2377 1886 2445 plane
1926 2376 1943 2418 ’-

243 2467 428 2519 eadem
466 2466 639 2516 forma
679 2481 783 2532 qua
821 2461 976 2513 nobis
1002 2459 1277 2528 cognitum
1301 2456 1464 2507 fuisse
1490 2451 1892 2519 comprobatur:

245 2559 309 2592 ex
357 2539 574 2606 reliquis
628 2540 807 2588 autem
858 2551 990 2603 quae
1042 2529 1345 2599 comparavi
1395 2529 1496 2580 hoc
1545 2523 1891 2577 manifestum
1947 2536 1949 2539 ·

246 2631 364 2666 esse
412 2629 599 2664 censeo
647 2609 991 2678 praecipuum
1038 2606 1149 2656 eius
1197 2604 1400 2655 fontem
1437 2600 1600 2651 fuisse
1641 2596 1924 2649 Daretem:
1948 2634 1956 2663 .·

168 2705 171 2707 ’
249 2685 712 2753 Francogallicum
753 2681 954 2734 scilicet
992 2678 1354 2730 Benedictum.
1430 2672 1548 2725 Hoc
1587 2671 1752 2723 etiam
1789 2668 1896 2733 cla·
1952 2702 1956 2703 ν

248 2760 458 2811 rissime
499 2759 669 2809 elucet
708 2774 772 2807 ex
808 2754 989 2806 multis
1029 2750 1335 2803 nominibus
1375 2745 1603 2815 propriis
1630 2740 1897 2810 corruptis

253 2833 338 2883 vel
386 2831 526 2883 fictis
580 2847 714 2899 quae
765 2847 829 2879 ex
878 2828 970 2878 illo
1021 2825 1132 2876 fere
1177 2822 1388 2889 recepit.
1465 2819 1612 2870 Inter
1667 2815 1899 2880 Graecos

253 2906 410 2956 duces
458 2904 805 2956 nominantur
843 2900 1037 2952 Tedius
1078 2898 1140 2950 de
1180 2912 1346 2964 regno
1385 2891 1646 2958 Foroidis,
1694 2887 1902 2954 Dorion
