1956 3178
214 151 287 204 54

213 270 419 315 calidum
450 269 690 314 cerebrum
723 274 799 324 16,
825 274 880 313 21

216 329 438 374 candidus
454 328 593 373 homo
614 333 681 384 15,
696 333 718 372 1
735 333 761 373 8
777 333 829 372 16
850 332 1014 384 16,122

215 389 377 433 cedere
411 387 626 432 seditioni
658 393 736 443 31,
761 393 790 431 4

215 449 370 492 certus
386 447 627 491 Patroclus
647 451 716 502 16,
738 451 789 490 13
839 447 1017 490 certum

277 507 348 550 est
377 505 494 549 mihi
524 510 602 560 46,
628 510 654 550 8
683 511 735 549 11

218 564 427 609 circuitio
458 563 726 621 vigiliarum
757 568 836 619 25,
865 569 919 608 15

217 624 523 668 circumactus
555 637 701 667 annus
732 628 810 678 34,
837 628 863 667 9

217 683 503 727 circumdare
534 697 719 726 murum
751 695 857 726 cum
889 694 1015 726 exer·

278 741 374 786 citu
406 747 484 796 44,
513 747 566 786 18

218 801 341 844 clam
370 802 512 845 noctu
543 805 620 856 23,
649 805 703 844 15
736 805 814 855 48,
843 806 865 844 1

217 860 447 904 clamosus
479 859 726 903 Diomedes
762 865 837 915 16,
863 864 917 903 21

218 919 409 974 classes,
453 932 590 963 naves
632 924 708 974 13,
742 924 797 963 25
857 917 1017 962 classis

278 978 485 1022 militum
515 982 595 1033 20,
621 983 647 1021 5

219 1050 383 1093 cogere
414 1036 463 1080 in
492 1049 700 1094 pugnam
731 1041 809 1092 38,
835 1040 892 1079 24

220 1097 498 1141 collectivum
556 1100 761 1152 sequente
812 1095 1019 1150 plurali.-

279 1155 508 1200 exercitus
555 1154 635 1211 qui
672 1155 939 1211 repeterent
977 1159 1017 1210 8,

282 1219 334 1258 13
398 1213 652 1258 consilium.
702 1212 783 1270 qui
811 1212 1018 1270 postula-

279 1267 449 1317 verunt
478 1278 613 1326 45,1

222 1334 508 1377 commeatus
538 1331 760 1376 frumenti
791 1335 869 1388 21,
898 1336 950 1375 17

223 1391 545 1436 commendare
576 1389 827 1434 memoriae
861 1396 907 1445 1,
935 1396 986 1434 11

222 1450 547 1495 commercium
575 1450 775 1506 praedae
798 1462 1020 1507 magnum

281 1515 359 1565 21,
385 1515 441 1555 20

221 1570 479 1614 commotus
511 1569 670 1615 dolore
702 1574 751 1627 4,
777 1573 835 1615 24

223 1642 463 1673 6011111111116
498 1629 757 1686 periculum
795 1636 843 1687 3,
868 1635 924 1674 23
971 1629 1021 1674 in

281 1701 523 1733 commune
554 1689 740 1746 proficit
769 1694 847 1744 47,
876 1695 899 1733 7

223 1747 525 1792 commutatio
556 1747 740 1804 imperii
772 1753 850 1804 31,
879 1753 932 1792 15

222 1806 453 1851 concitare
486 1806 709 1863 oppidum
740 1812 818 1860 29,
846 1812 899 1851 11

147 1859 160 1874 ‘
222 1865 484 1909 conclamat
498 1866 698 1922 populus
717 1871 785 1921 10,
803 1870 858 1910 23
893 1879 1018 1910 exer-

281 1924 400 1968 citus
434 1930 511 1980 50,
537 1930 562 1968 9

222 1983 483 2040 condicere,
516 1984 783 2028 constituere
814 1989 867 2028 41
882 2019 892 2039 ,
918 1989 944 2027 5

221 2042 450 2145 confitdere
487 2042 538 2086 in
575 2043 765 2087 deorum
807 2043 1019 2100 benigni-

279 2103 331 2145 ta
354 2115 378 2145 e
411 2108 458 2157 9,
484 2108 511 2146 4

222 2160 500 2217 coniungere
527 2161 673 2205 filiam
703 2161 828 2206 hosti
859 2167 937 2219 33,
963 2167 1017 2207 21

221 2220 500 2264 conlaudare
531 2220 738 2276 aliquem
769 2226 818 2276 4,
843 2226 899 2265 26

217 2278 471 2323 conliditur
499 2279 727 2336 proelium
761 2285 818 2324 30
831 2315 841 2334 ,
867 2285 892 2324 5

218 2338 516 2394 conparuisse
548 2351 777 2394 nusquam
810 2344 886 2394 14,
912 2344 940 2382 4

215 2396 487 2453 conpositus
519 2397 740 2441 membris
774 2403 850 2453 16,
876 2403 902 2441 2

220 2455 430 2500 conscius
460 2456 636 2500 formae
671 2461 830 2511 12,14

218 2516 473 2559 consecutio
488 2519 759 2571 temporum:
783 2515 950 2558 suadet
966 2516 1020 2558 ut

278 2573 520 2618 mitterent
568 2579 730 2629 19,13
803 2574 1016 2618 hortatur

719 149 913 195 INDEX
944 149 1352 196 LATINITATIS.

1062 268 1350 313 consiliarius
1385 273 1460 324 16,
1485 273 1542 312 23

1062 327 1305 372 consilium
1328 340 1582 372 convocare
1605 331 1677 383 20,
1701 330 1757 371 22
1787 332 1859 384 42,

1122 393 1147 431 3
1181 392 1251 441 48,
1279 391 1304 430 2
1353 399 1517 443 cogere
1541 391 1612 442 37,
1641 390 1694 430 15
1739 385 1859 431 inire

1122 451 1200 500 40,
1229 451 1281 489 13
1315 450 1395 500 47,
1422 451 1476 489 16
1524 445 1760 490 dimittere
1787 451 1860 500 46,

1126 509 1179 548 12
1232 504 1283 548 in
1322 503 1514 549 consilio
1553 517 1652 548 esse
1695 509 1774 560 23,
1805 509 1859 548 13

1121 563 1171 607 111
1210 563 1453 607 consilium
1497 576 1750 608 convocare
1788 567 1860 617 26,

1092 623 1095 627 ’
1122 627 1147 665 2
1176 627 1257 679 27,
1281 627 1336 666 22
1369 627 1447 677 48,
1474 627 1499 666 2
1546 635 1713 666 vocare
1737 627 1807 678 35,
1833 626 1859 666 9

1120 681 1255 726 fortis
1301 695 1406 725 cum
1453 680 1644 725 consilio
1693 685 1770 736 15,
1805 685 1859 724 11

1122 753 1178 784 ex
1222 739 1403 784 consilii
1440 739 1672 784 sententia
1700 744 1779 795 28,
1806 744 1860 784 16

1122 804 1201 854 37,
1227 804 1282 843 23
1316 804 1394 854 50,
1423 804 1476 842 19
1864 836 1866 838 ,

1061 856 1110 901 111
1135 859 1386 915 conspectu
1409 857 1605 902 alicuius
1622 857 1861 903 ambulare

1065 975 1125 1019 ad
1156 975 1463 1020 constitutum
1492 976 1671 1032 venire,
1707 976 1769 1022 ad
1798 976 1860 1021 lo·

1123 1048 1225 1078 cum
1255 1039 1393 1079 const.
1425 1040 1505 1089 41,
1532 1040 1557 1079 7

1065 1094 1276 1138 consulto
1299 1107 1372 1138 res
1396 1093 1575 1150 geritur
1598 1098 1756 1148 22,11
1781 1098 1859 1139 etc.

1065 1154 1338 1197 constructio
1359 1157 1588 1197 mutatur:
1617 1153 1859 1198 Helena—-

1123 1211 1302 1268 placuit
1332 1211 1375 1256 ei
1406 1225 1460 1256 6ο
1490 1211 1559 1256 116
1592 1216 1669 1266 12,
1696 1217 1750 1257 10
1795 1211 1860 1256 16-

1124 1273 1259 1327 gatos
1290 1270 1351 1314 ad
1373 1270 1573 1327 Mysiam
1603 1270 1862 1328 ceterisque

1124 1330 1239 1374 locis
1280 1329 1476 1374 mittunt
1513 1334 1591 1386 24,
1626 1335 1652 1374 2
1709 1331 1863 1375 minus

1124 1391 1300 1434 usitata
1316 1407 1331 1432 :
1391 1389 1597 1446 graviter
1655 1389 1864 1434 tulerunt

1126 1448 1450 1494 crudelitatem
1530 1448 1862 1497 Laomedontis

1128 1509 1193 1555 sic
1240 1523 1288 1556 se
1328 1510 1388 1556 ab
1427 1523 1481 1556 eo
1519 1511 1715 1556 tractari
1751 1516 1800 1568 4,
1837 1517 1861 1557 1

1126 1570 1265 1614 simul
1276 1570 1505 1615 timebant
1516 1571 1863 1616 multitudinem

1124 1630 1448 1684 barbarorum,
1471 1643 1530 1674 ne
1553 1630 1863 1687 obprimeren·

1123 1691 1202 1732 tur
1232 1695 1279 1744 4,
1305 1694 1330 1733 3
1377 1689 1635 1734 mirabatur
1664 1689 1860 1734 classem

1123 1747 1302 1804 regiam
1333 1762 1424 1805 quo
1460 1748 1673 1794 tenderet
1704 1754 1781 1805 11,
1806 1753 1860 1792 21

1123 1806 1286 1865 fugam
1309 1807 1543 1864 praesidio
1560 1807 1651 1852 sibi
1674 1806 1862 1863 suisque

1124 1868 1178 1909 ut
1209 1866 1270 1910 sit
1298 1866 1608 1923 providerunt
1642 1871 1721 1923 49,
1749 1871 1803 1910 13

1065 1926 1291 1969 contritus
1322 1927 1452 1969 metu
1483 1931 1561 1981 45,
1587 1930 1613 1969 9

1066 1983 1293 2041 crispatus
1324 1985 1441 2029 bene
1475 1990 1550 2039 16,
1579 1990 1633 2028 10

1065 2042 1243 2100 crispus
1289 2043 1463 2087 Hector
1510 2047 1587 2098 15,
1629 2047 1651 2087 1
1711 2042 1862 2100 crispa

1124 2115 1258 2146 coma
1290 2107 1366 2158 16,
1394 2107 1447 2146 17

1066 2175 1171 2205 611111
1211 2161 1411 2205 clamore
1447 2166 1526 2216 39,
1551 2165 1577 2205 2
1633 2161 1861 2205 Teuthras

1124 2234 1230 2264 cum
1277 2219 1482 2263 exercitu
1532 2219 1863 2277 superveniunt

1125 2284 1196 2334 21,
1216 2284 1242 2323 2
1287 2278 1368 2322 ille
1391 2277 1567 2334 pariter
1589 2292 1694 2322 cum
1719 2278 1862 2323 Aiace

1123 2338 1269 2382 Locro
1293 2350 1386 2381 non
1410 2338 1593 2381 cessant
1622 2351 1728 2382 eum
1757 2350 1860 2394 per-

1124 2396 1257 2452 sequi
1294 2401 1372 2451 26,
1402 2401 1455 2439 11
1509 2395 1716 2439 Achilles
1755 2409 1862 2439 cum

1122 2454 1369 2499 Antilocho
1438 2453 1631 2498 veniunt
1697 2458 1777 2510 41,
1834 2459 1860 2498 8

1121 2513 1328 2558 Achilles
1363 2525 1469 2556 cum
1498 2512 1747 2557 Antilocho
1777 2512 1863 2555 im-

1121 2574 1285 2629 petum
1315 2570 1494 2615 faciunt
1523 2576 1601 2626 41,
1629 2575 1681 2614 11

279 2634 332 2675 ut
360 2631 544 2676 fortiter
572 2634 836 2689 pugnarent
865 2645 1015 2688 neque
1062 2644 1222 2674 curare
1238 2630 1501 2675 vulneratos
1518 2634 1589 2684 27,
1605 2634 1659 2672 15
1684 2628 1862 2673 saucios

280 2690 557 2735 desisterent
580 2695 657 2746 27,
677 2697 703 2735 2
751 2691 1018 2748 suspectum
1060 2707 1062 2709 ’

277 2749 464 2793 videtur
476 2750 599 2806 quod
612 2749 929 2805 postulassent
944 2753 1018 2801 27,

1120 2688 1455 2790 28,,401111111116
1478 2693 1557 2742 40,
1586 2693 1608 2731 1
1658 2687 1862 2744 aliquem

1121 2753 1249 2802 43,1

278 2813 336 2851 25
383 2808 532 2852 mittit
554 2810 609 2852 ut
629 2809 843 2865 peterent
871 2812 1018 2862 28,14
1062 2806 1110 2849 111
1141 2782 1379 2849 curatione
1410 2805 1528 2848 mori
1559 2809 1638 2860 28,

277 2866 494 2910 hortatur
508 2868 563 2910 ut
581 2866 842 2911 vindicaret
871 2871 1017 2919 40,15
1063 2863 1266 2921 Dapsilis
1302 2869 1378 2917 16,
1404 2867 1430 2907 5
1458 2868 1512 2906 12
1541 2868 1595 2906 14

279 2926 333 2968 ut
364 2925 425 2969 sit
455 2925 759 2981 providerunt
790 2930 868 2980 49,
897 2930 949 2968 13

1065 2923 1176 2967 dare
1206 2898 1390 2978 tempus
1423 2926 1469 2977 5,
1495 2926 1521 2965 3
1557 2925 1632 2975 12,
1658 2925 1715 2964 20
