1956 3178
655 162 675 177 x
722 105 1143 151 PRAEFATIO.
1626 127 1784 166 XXXV

115 229 187 279 zat
239 226 420 296 paullo
477 227 620 279 infra
673 225 888 280 Daretis
943 227 1272 280 mentionem
1326 227 1455 280 facit
1510 228 1783 297 (similiter

112 301 291 353 ssetiam
330 319 378 352 v.
422 301 597 353 13081
641 298 808 371 seqq.)
848 298 918 369 (v,
958 298 1091 370 296)

398 403 582 471 DareS‚
622 405 710 456 ein
748 405 902 457 ritter
940 411 1004 455 siz
1044 405 1241 472 erwelt‚

398 478 491 529 der
531 478 674 531 selbe
713 478 785 530 vil
823 497 920 531 vor
958 478 1130 546 Troye
1173 479 1339 547 streit‚

399 570 538 604 swaz
578 552 671 604 der
708 553 766 604 in
803 551 1103 605 kriechisch
1141 551 1237 603 hat
1277 554 1447 622 geseit

399 642 506 677 von
546 625 684 678 dirre
723 626 1074 679 kfineclichen
1114 626 1245 694 stift,

401 699 496 750 daz
537 702 675 751 wart
711 700 810 752 mit
849 699 1150 770 endelicher
1191 700 1379 752 schrift

399 790 456 823 ze
496 773 723 826 welsche
763 773 873 825 und
912 773 969 825 in
1007 773 1172 825 latine
1213 774 1374 826 braht

117 877 274 930 {unde
337 877 425 928 vix
485 879 616 945 puto
684 895 1005 946 quemquam
1064 877 1439 929 conclusurum
1503 896 1619 930 esse
1671 896 1792 930 eum

119 951 292 1004 ¹'huius
345 950 482 1002 libro
538 969 694 1002 usum
750 969 877 1003 esse.
970 948 1171 1003 Contra
1223 951 1365 1019 quod
1421 970 1484 1003 ex
1541 955 1790 1004 accurata

131 1024 534 1093 comparatione
560 1027 781 1092 apparet
804 1024 1154 1077 Benedictum
1180 1027 1391 1076 secutus
1426 1027 1521 1094 est,
1562 1026 1619 1077 in
1659 1027 1793 1078 mul-

136 1099 208 1152 tis
254 1102 438 1150 tamen
485 1099 599 1150 sine
647 1098 808 1150 dubio
859 1099 1022 1150 alium
1068 1098 1276 1150 fontem
1315 1097 1794 1168 Francogallicum‚

126 1191 251 1225 „non
297 1172 511 1242 quidem
561 1171 1031 1240 Malkaraumium,
1088 1190 1317 1240 quocum
1363 1172 1421 1223 in
1477 1173 1796 1242 quibusdam

131 1246 425 1299 ¹consentit.
489 1244 684 1298 Statim
717 1246 783 1298 ab
816 1246 970 1299 initio
1005 1249 1066 1298 ut
1100 1245 1185 1298 hic
1220 1247 1488 1298 somnium
1528 1246 1797 1315 Hecubae,

125 1321 470 1372 'iuventutem
493 1319 716 1388 Paridis,
755 1321 973 1389 nuptias
1006 1320 1149 1371 Pelei
1181 1338 1302 1371 cum
1327 1319 1566 1389 Thetide,
1607 1325 1797 1373 natum

127 1397 298 1463 -atque
338 1394 620 1446 educatum
659 1393 925 1446 Achillem
965 1393 1282 1462 (secundum
1323 1392 1572 1446 Ovidium
1605 1398 1657 1447 et
1682 1393 1798 1448 Sta-

135 1467 276 1520 tium
289 1465 328 1538 1)
367 1471 566 1534 narrat,
605 1471 721 1519 tum
760 1469 1150 1536 expeditionem
1190 1467 1645 1537 Argonautarum,
1686 1469 1800 1522 fata

134 1541 352 1594 ,Iasonis
416 1545 468 1593 et
520 1541 738 1610 Medeae
794 1540 1101 1612 (praecipue
1154 1540 1446 1592 secundum
1512 1541 1800 1614 Ovidium),

134 1614 332 1667 Troiae
372 1616 633 1668 excidium
673 1619 725 1668 et
748 1617 1094 1669 refectionem
1120 1614 1411 1667 secundum
1434 1614 1800 1686 Benedictum,

136 1688 331 1740 deinde
371 1687 440 1757 (v.
486 1689 947 1761 13392—17300)
987 1689 1223 1742 Achilles
1266 1689 1406 1757 apud
1444 1688 1801 1757 Lycomedem

143 1780 324 1832 regem
367 1761 515 1831 Scyri
555 1764 886 1833 describitur,
927 1762 996 1834 (v.
1042 1763 1222 1816 15074
1262 1763 1326 1814 cf.
1362 1760 1523 1815 Statii
1545 1763 1739 1818 Achill.
1762 1765 1803 1832 I,

149 1837 458 1905 276—282,
497 1857 544 1890 v.
590 1838 769 1891 15350
808 1838 873 1891 cf.
898 1838 940 1907 Ι,
981 1837 1088 1890 372
1130 1835 1297 1906 seqq.)
1375 1836 1513 1889 Tum
1552 1842 1713 1907 poeta
1737 1839 1806 1892 ad

144 1909 494 1963 Benedictum
531 1912 816 1964 revertitur
855 1915 909 1964 et
946 1914 1134 1963 narrat
1171 1910 1503 1963 Antenorem
1542 1912 1600 1964 in
1640 1911 1803 1965 Grae-

149 1983 287 2036 ciam
311 1984 553 2053 missum,
593 1986 779 2038 eodem
804 1986 1051 2038 Paridem
1074 1984 1373 2052 profectum
1400 2002 1530 2053 esse,
1570 1986 1807 2054 plurima

147 2075 213 2110 ex
265 2057 389 2127 hoc,
458 2062 672 2127 raptum
734 2059 973 2112 Helenae
1044 2077 1106 2110 ex
1162 2057 1338 2110 Ovidii
1397 2056 1614 2112 Heroid.
1677 2060 1808 2114 XVI

149 2129 308 2183 XVII
318 2129 375 2202 2).
415 2131 636 2201 Ineptae
661 2132 987 2186 Graecorum
1009 2132 1471 2201 Troianorumque
1498 2133 1806 2203 descriptio-

153 2222 250 2257 nes
304 2208 447 2257 recte
503 2207 846 2275 omittuntur,
900 2208 958 2259 in
1017 2224 1241 2258 numero
1298 2203 1625 2259 Graecorum
1681 2213 1808 2262 sunt

151 2276 222 2348 (v.
278 2279 457 2331 23907
516 2279 684 2351 seqq.)
777 2279 970 2334 Castor
1024 2283 1076 2332 et
1128 2279 1343 2346 Pollux,
1403 2278 1687 2334 Cursalion
1742 2290 1806 2335 siz

154 2350 478 2422 Ungerlant‚
542 2353 756 2407 Manbri
810 2374 917 2408 von
966 2354 1190 2422 Riuzen,
1253 2353 1420 2405 Ache]
1475 2373 1582 2406 von
1637 2356 1804 2409 Tene-

153 2426 398 2494 marken‚
452 2426 652 2481 Lerant
696 2447 802 2481 von
850 2427 1128 2496 Schotten,
1182 2427 1423 2480 Anachel
1464 2446 1570 2480 von
1609 2429 1807 2500 Engel-

153 2499 286 2567 lant,
324 2499 618 2570 Margalius
658 2521 765 2555 von
802 2502 1121 2573 Norwegen‚
1162 2500 1453 2555 Colebrant
1491 2520 1598 2554 von
1621 2502 1807 2573 blant,

151 2571 378 2626 Floranz
402 2593 508 2626 von
532 2575 787 2646 Portigal‚
826 2576 997 2630 Urian
1036 2595 1142 2629 von
1165 2574 1405 2628 Navarre
1446 2577 1498 2627 et
1535 2582 1807 2644 postremo

164 2648 371 2715 equites
411 2646 715 2703 Germanici
755 2649 826 2721 (v.
868 2651 1073 2720 23996)

278 2835 308 2890 ¹)
342 2836 588 2881 Cholevius
618 2839 649 2882 l.
682 2839 712 2883 l.
744 2855 788 2897 p.
828 2846 906 2884 131
942 2840 1134 2884 Bartsch
1167 2839 1197 2882 l.
1232 2839 1261 2882 l.
1288 2856 1330 2897 p.
1358 2835 1444 2879 XX
1583 2840 1615 2897 ²)
1650 2840 1815 2887 Chole-

171 2894 274 2939 vius
304 2895 333 2939 1.
367 2895 396 2940 1.
430 2911 475 2952 p.
515 2902 599 2940 140
631 2898 831 2943 Bartsch
861 2900 890 2943 1.
926 2900 954 2942 l.
987 2915 1030 2956 p.
1065 2899 1213 2943 XXVI
