1956 3178
1640 8 1652 23 ·.
1668 12 1675 22 ι
1750 0 1916 38 θεὰ-«Ἐ-

261 97 330 151 28
780 98 1002 141 morrs
1034 96 1366 140 CRETENS1s
1907 0 1956 175 ἶ

262 224 404 294 quod
441 225 670 278 amicum
707 223 954 276 Troianis
991 222 1286 289 videretur,
1333 239 1446 275 non
1493 240 1735 276 eversum
1781 227 1882 276 aut
1950 234 1956 281 j

261 299 531 348 vastatum
586 294 835 362 relinqui.
928 293 1046 362 quis
1103 293 1335 363 cognitis
1368 300 1372 302 ’
1402 293 1618 345 finitimi
1681 293 1875 362 populi

259 366 401 419 ultro
440 365 507 417 ad
544 383 665 417 eum
703 382 823 416 cum
859 381 989 433 pace
1025 380 1299 416 accurrere
1336 380 1397 415 36
1433 381 1500 415 116
1537 366 1877 417 vastarentur

260 437 391 506 agri,
430 435 650 488 dimidio
687 434 960 487 fructuum
985 435 1130 503 pacti
1167 433 1298 486 dant
1332 433 1491 485 fidem
1528 434 1674 501 pacis
1711 437 1878 504 atque
1915 480 1922 488 .

215 525 236 557 5
259 508 325 559 ab
374 524 435 558 eo
483 506 767 574 accipiunt.
859 505 944 557 his
990 505 1121 557 actis
1168 503 1406 556 Achilles
1466 502 1532 555 ad
1579 503 1872 557 exercitum
1953 546 1956 547 γ

258 576 557 646 regreditur
580 593 829 646 magnam
859 575 967 627 vim
994 575 1196 644 gloriae
1223 578 1382 642 atque
1418 573 1646 642 praedae
1674 574 1869 643 adpor·
1924 614 1956 629 .-

257 651 393 699 tanS.
480 647 665 699 eodem
710 650 951 714 tempore
1009 663 1100 697 rex
1150 644 1468 713 Scytharum
1515 645 1733 714 cognito
1781 644 1871 697 ad·

259 721 424 769 ventu
460 721 765 770 nostrorum
804 734 924 768 cum
960 715 1143 767 multis
1182 715 1336 768 donis
1374 713 1709 768 adventabat.

400 787 574 840 XVII.
639 787 887 840 Ceterum
913 785 1151 839 Achilles
1176 785 1320 837 haud
1358 788 1641 838 contentus
1669 803 1870 853 eorum,

195 877 235 909 10
259 876 395 926 quae
434 861 694 928 gesserat,
735 856 929 910 Cilicas
967 856 1298 925 acgreditur,
1346 855 1526 924 ibique
1574 855 1874 924 Lyrnesum

258 929 441 994 paucis
515 928 699 980 diebus
771 901 1060 997 pugnando
1135 927 1291 994 cepit.
1388 925 1671 978 interfecto
1745 925 1871 977 dein
1910 967 1914 970 .

257 998 511 1066 Eetione,
561 999 652 1066 qui
698 998 783 1050 his
832 998 964 1050 locis
1011 997 1380 1065 imperitabat,
1419 996 1629 1066 magnis
1682 996 1877 1064 opibus

258 1087 420 1120 naves
476 1068 671 1137 replet,
730 1067 997 1120 abducens
1051 1069 1387 1135 Astynomen
1454 1066 1646 1135 Chrysi
1700 1066 1869 1118 filiam

259 1157 392 1207 quae
441 1156 502 1191 eo
550 1143 791 1207 tempore
837 1138 952 1207 regi
1004 1138 1239 1205 denupta
1282 1141 1410 1189 erat.
1483 1154 1710 1205 propere
1746 1135 1874 1188 inde

194 1227 235 1259 15
258 1208 521 1261 Pedasum
571 1225 876 1277 expugnare
926 1209 1159 1276 occepit,
1216 1211 1458 1270 Lelequm
1505 1207 1715 1274 urbem,
1777 1205 1873 1259 sed

259 1297 442 1331 eorum
497 1297 589 1331 rex
648 1278 827 1330 Brises
880 1279 971 1330 ubi
1031 1277 1409 1330 animadvertit
1462 1277 1520 1329 in
1575 1276 1870 1330 obsidendo

258 1349 461 1401 saevire
499 1353 737 1417 nostrOS,
776 1352 921 1401 ratus
958 1348 1108 1400 nulla
1146 1348 1198 1400 vi
1234 1347 1508 1416 prohiberi
1558 1347 1741 1400 hostes
1778 1351 1873 1399 aut
1941 1390 1956 1398 ,

259 1437 382 1472 31103
430 1420 557 1471 satis
605 1418 818 1471 defendi
863 1437 1046 1487 posse,
1095 1418 1462 1486 desperatione
1510 1417 1694 1487 effugii
1730 1417 1869 1469 salu-

256 1490 430 1558 tisque
487 1490 705 1542 attentis
762 1489 949 1541 ceteris
996 1489 1275 1541 adversum
1318 1488 1499 1540 hostes
1537 1487 1754 1540 domum
1790 1505 1870 1539 re-

192 1576 234 1608 20
257 1577 470 1629 gressus
523 1560 716 1628 laqueo
763 1559 984 1611 interiit.
1079 1577 1253 1627 neque
1309 1558 1478 1611 multo
1535 1561 1660 1627 post
1714 1561 1870 1626 capta
1953 1608 1956 1609 ⁷

257 1630 443 1682 civitas
493 1634 651 1698 atque
697 1629 967 1682 interfecti
1023 1629 1179 1681 multi
1238 1628 1488 1681 mortales
1545 1632 1599 1680 et
1644 1627 1871 1680 abducta

255 1700 367 1752 filia
404 1700 547 1768 regis
583 1699 961 1767 Hippodamia.

397 1769 598 1823 XVIII.
692 1769 796 1824 Per
850 1769 990 1822 idem
1054 1774 1265 1838 tempus
1326 1769 1465 1821 Aiax
1525 1767 1870 1821 Telamonius

257 1839 524 1893 Thracum
563 1838 956 1892 Cherronesum
1006 1840 1153 1892 omni
1191 1839 1349 1891 modo
1398 1837 1702 1891 infestabat.
1777 1836 1870 1890 sed

192 1926 233 1958 25
255 1910 348 1962 ubi
386 1928 570 1962 eorum
617 1928 709 1962 rex
757 1910 1094 1978 Polymestor
1140 1910 1394 1962 virtutem
1442 1912 1601 1976 atque
1639 1907 1866 1978 gloriam

255 1981 358 2032 viri
395 1980 673 2049 cognovit,
725 1980 968 2032 diffidens
1005 1981 1162 2032 rebus
1210 1980 1319 2032 suis
1357 1979 1682 2031 deditionem
1720 1995 1866 2031 occe-

254 2050 359 2118 pit:
424 2054 658 2118 tuncque
713 2050 1012 2119 Polydorus
1067 2050 1269 2102 Priami
1324 2050 1491 2118 filius,
1557 2065 1716 2117 quem
1771 2059 1877 2100 rex‘
1946 2091 1948 2094 .

255 2137 438 2172 recens
475 2124 663 2171 natum
711 2121 848 2172 clam
897 2121 1069 2173 omnis
1107 2119 1357 2172 alendum
1395 2121 1443 2172 ei
1479 2118 1863 2186 transmiserat,

255 2207 455 2242 merces
492 2190 637 2258 pacis
684 2190 752 2242 ab
801 2208 862 2242 60
909 2190 1151 2243 traditur.
1226 2209 1414 2242 aurum
1453 2189 1613 2241 etiam
1656 2188 1866 2256 aliaque

193 2274 235 2306 30
258 2261 400 2312 dona
436 2260 803 2312 huiuscemodi
841 2260 908 2311 ad
945 2261 1338 2312 conciliandum
1383 2260 1617 2312 hostium
1660 2258 1867 2311 animos

367 2399 536 2445 XVIII.
569 2402 728 2442 Malal.
767 2403 846 2443 128
878 2402 989 2442 med,
1025 2404 1103 2442 1⁵29
1136 2401 1325 2443 Cedren.
1362 2403 1397 2441 P
1430 2403 1523 2441 126.
1559 2403 1652 2441 127.

370 2544 420 2582 10
453 2543 682 2593 lyrnesum
717 2541 795 2582 GB
885 2542 935 2580 12
970 2542 1179 2583 eaetione
1215 2541 1292 2582 GB
1323 2541 1486 2594 quibus
1517 2540 1633 2580 locis
1667 2540 1701 2580 G
1811 2541 1865 2581 13

254 2602 540 2650 astymonem
580 2600 615 2639 G
682 2599 940 2638 astinomen
978 2596 1020 2636 B
1143 2600 1197 2637 14
1235 2609 1430 2650 propera
1473 2596 1508 2637 G
1629 2597 1681 2636 15
1712 2595 1866 2648 legeo-
1953 2610 1956 2611 ⁷

251 2667 349 2694 rum
382 2654 459 2693 GB
516 2654 737 2706 Lelegum
775 2654 1000 2694 Mereerus
1037 2667 1060 2693 e
1097 2655 1339 2694 coniectura
1375 2655 1564 2704 scripsit.
1670 2653 1722 2692 16
1752 2652 1864 2692 bris-

254 2722 327 2750 ses
361 2709 440 2750 GB
539 2711 608 2750 ,13
641 2709 959 2762 desperacioni
991 2709 1027 2749 G
1148 2711 1203 2749 24
1234 2709 1582 2750 cherronessum
1615 2706 1694 2748 GB
1806 2707 1863 2748 25

251 2765 523 2818 polimestor
555 2766 590 2806 G
706 2767 759 2806 26
790 2765 1076 2806 dedicionem
1111 2765 1147 2806 G
1261 2767 1316 2806 28
1355 2764 1474 2805 clam
1513 2778 1591 2806 om.
1626 2762 1704 2804 GB
1741 2763 1864 2804 addit

251 2821 368 2871 PVl
394 2821 591 2862 hominis
634 2822 711 2862 GB
776 2834 931 2862 omnes
969 2822 1057 2862 PV
1122 2834 1276 2862 omnes
1313 2821 1520 2862 homines
1559 2822 1653 2862 cod.
1692 2818 1865 2860 Heinsii
1919 2866 1956 2879 Δ,

250 2878 306 2918 30
337 2877 561 2918 Mercerus
593 2879 770 2919 coniecit
801 2877 1159 2929 cuiusquemodi.
