1956 3178
288 111 355 164 76
800 111 1023 154 DICTYS
1055 111 1393 154 CRETENSIS

286 237 378 290 sed
424 237 736 305 priusquam
783 236 942 288 ferire
987 236 1130 288 inter
1179 254 1234 288 se
1282 237 1443 304 30166,
1502 241 1595 290 3111
1640 238 1744 291 1301
1790 239 1914 292 tela.

287 325 533 375 coepere,
571 306 785 358 barbari
823 305 1074 359 desolatis
1122 307 1397 359 ordinibus
1434 307 1621 377 fugam
1656 308 1897 362 faciunt:

286 378 531 445 caesique
570 394 753 428 eorum
777 376 1011 444 plurimi,
1051 380 1143 429 aut
1179 377 1237 429 in
1262 377 1462 429 flumen
1486 395 1739 447 praeceps
1765 378 1890 447 dati,

287 466 409 500 cum
444 449 572 498 hinc
609 451 769 514 atque
806 447 930 499 inde
967 447 1242 516 ingrueret
1267 448 1438 500 hostis
1475 451 1635 516 atque
1660 449 1897 517 undique

243 534 263 565 5
286 518 535 585 adempta
569 516 700 586 fuga
737 520 890 569 66661
963 517 1107 585 capti
1144 517 1306 569 etiam
1339 517 1556 586 Lycaon
1595 524 1648 570 et
1683 518 1911 572 Troilus

284 586 599 655 Priamidae,
638 605 771 655 quos
809 587 867 638 in
892 587 1125 639 medium
1150 587 1438 655 productos
1464 587 1703 640 Achilles
1739 589 1893 658 iugu-

287 658 388 710 lari
424 657 574 710 iubet
631 656 941 726 indignatus
988 656 1229 709 nondum
1275 658 1376 710 sibi
1414 677 1446 710 a
1484 657 1699 711 Priamo
1739 677 1913 727 super

283 728 394 796 his,
444 745 579 796 (11136
618 745 796 779 66011111
833 730 1177 795 tractaverat,
1226 727 1554 780 mandatum.
1629 746 1764 796 quae
1801 730 1909 781 ubi

284 797 703 850 animadvertere
751 797 995 865 Troiani,
1039 798 1241 850 tollunt
1283 798 1513 867 gemitus
1562 802 1615 850 61
1661 798 1902 851 013111016-

221 884 262 915 10
284 868 500 936 lugubri
538 867 707 920 Troili
744 885 924 919 casum
961 867 1320 919 miserandum
1357 868 1415 919 in
1439 867 1658 920 modum
1692 868 1892 921 deflent

283 938 547 991 recordati
585 941 815 990 aetatem
853 938 965 989 eius
1003 937 1288 990 admodum
1325 938 1663 1005 inmaturam,
1703 939 1795 1007 qui
1832 939 1892 991 in

283 1009 471 1077 primis
507 1008 767 1076 pueritiae
805 1008 961 1060 annis
999 1025 1120 1059 cum
1154 1007 1477 1060 verecundia
1514 1025 1574 1060 ac
1610 1009 1900 1077 probitate,

282 1083 400 1131 tum
435 1078 720 1146 praecipue
767 1077 944 1130 forma
991 1078 1229 1146 corporis
1267 1078 1510 1130 amabilis
1554 1081 1714 1146 atque
1751 1096 1906 1131 acce--

284 1152 410 1217 ptus
446 1148 794 1216 popularibus
832 1147 1179 1200 adolescebat.

220 1235 261 1266 15
423 1218 490 1271 X.
563 1217 771 1270 Deinde
823 1218 1107 1270 transactis
1163 1217 1347 1286 paucis
1405 1217 1588 1270 diebus
1654 1218 1892 1270 solemne

282 1288 607 1357 Thymbraei
630 1288 902 1356 Apollinis
939 1289 1157 1340 incessit
1194 1291 1247 1339 et
1283 1287 1491 1355 requies
1528 1287 1764 1340 bellandi
1794 1306 1905 1356 per·

281 1359 515 1411 indutias
562 1358 894 1426 interposita.
956 1361 1073 1410 tum
1098 1362 1326 1425 utroque
1365 1357 1599 1410 exercitu
1625 1358 1887 1411 sacrificio

281 1429 561 1481 insistente
625 1428 869 1480 Priamus
946 1431 1157 1496 tempus
1228 1431 1457 1479 nanctus
1529 1427 1748 1480 Idaeum
1819 1428 1887 1480 ad

282 1499 535 1552 Achillen
572 1516 731 1566 super
767 1498 1042 1566 Polyxena
1078 1516 1199 1550 cum
1236 1497 1500 1549 mandatis
1537 1498 1719 1550 mittit.
1795 1498 1890 1550 sed

218 1587 261 1618 20
283 1570 377 1621 ubi
421 1568 660 1621 Achilles
719 1568 777 1620 in
823 1568 944 1620 luco
994 1586 1080 1636 63,
1139 1585 1274 1636 quae
1323 1567 1492 1619 inlata
1541 1571 1720 1635 erant,
1769 1585 1899 1620 cum

281 1639 444 1692 Idaeo
480 1638 766 1706 separatim
791 1639 857 1690 ab
884 1638 1003 1690 aliis
1039 1638 1390 1707 recognoscit,
1423 1637 1641 1707 cognita
1665 1655 1722 1689 16
1748 1637 1892 1706 apud

281 1726 446 1761 naves
488 1709 712 1777 suspitio
759 1708 978 1760 alienati
1029 1708 1176 1760 ducis
1230 1711 1283 1759 61
1329 1707 1395 1759 311
1431 1710 1762 1775 postremum
1814 1707 1898 1759 in-

283 1779 523 1848 dignatio
572 1781 770 1830 exorta.
845 1796 1076 1846 namque
1123 1781 1281 1829 antea
1327 1795 1596 1856 rumorem
1631 1777 1891 1845 proditio-

282 1850 366 1901 nis
405 1853 582 1901 ortum
618 1848 907 1901 clementer
942 1866 1038 1916 per
1074 1848 1363 1900 exercitum
1400 1847 1459 1898 in
1494 1865 1680 1899 verum
1716 1851 1888 1900 traxe-

219 1936 261 1970 25
283 1922 421 1971 13111.
497 1919 566 1971 ob
612 1936 747 1986 quae
799 1918 957 1970 simul
1004 1918 1085 1970 uti
1121 1917 1418 1969 concitatus
1455 1917 1640 1969 militis
1678 1917 1894 1969 animus

283 1989 566 2057 leniretur,
614 1989 754 2040 Aiax
813 2006 934 2040 cum
978 1987 1237 2040 Diomede
1297 1990 1350 2039 et
1395 1985 1554 2039 Ulixe
1602 1986 1668 2038 ad
1712 1986 1893 2039 lucum

283 2063 518 2127 pergunt
562 2058 726 2126 hique
775 2062 900 2110 ante
947 2057 1207 2126 templum
1267 2057 1524 2109 resistunt
1571 2056 1888 2125 operienteS,

284 2128 328 2180 61
375 2128 739 2197 egrederetur,
788 2128 1041 2180 Achillen
1086 2127 1349 2206 simulque
1398 2127 1478 2178 uti
1522 2144 1637 2178 rem
1685 2129 1892 2205 gestam

284 2198 467 2250 iuveni
504 2198 784 2264 referrent,
824 2197 887 2249 de
925 2201 1100 2250 cetero
1139 2197 1300 2249 etiam
1335 2196 1662 2249 deterrerent
1698 2197 1756 2248 in
1790 2195 1899 2248 col-

219 2286 261 2318 30
283 2268 468 2336 loquio
507 2268 647 2320 clam
684 2285 804 2319 cum
840 2267 1084 2319 hostibus
1122 2284 1295 2336 agere.
1869 2301 1873 2305 ·

424 2337 520 2392 XI.
601 2337 825 2389 Interim
870 2336 1176 2388 Alexander
1232 2336 1551 2415 compositis
1607 2336 1714 2387 13111
1775 2352 1902 2386 cum

287 2407 575 2476 Deiphobo
623 2407 830 2458 insidiis
886 2407 1179 2475 pugionem
1226 2406 1489 2458 incinctus
1535 2404 1603 2457 ad
1639 2404 1897 2456 Achillen

286 2477 587 2546 ingreditur
633 2477 977 2529 confirmator
1013 2476 1181 2528 veluti
1221 2493 1429 2543 eorum,
1470 2492 1604 2543 quae
1647 2473 1915 2526 Priamus

282 2547 638 2615 pollicebatur
667 2564 896 2615 moxque
934 2545 1001 2597 ad
1039 2563 1214 2614 aram,
1255 2562 1360 2613 quo
1397 2562 1466 2596 116
1504 2544 1674 2596 1106116
1713 2543 1900 2596 dolum

396 2702 451 2742 X.
482 2701 560 2741 XI.
592 2701 753 2744 Malal.
787 2703 878 2742 165.
914 2703 995 2742 166
1035 2700 1229 2741 Cedren.
1277 2700 1313 2740 P
1347 2701 1427 2741 130
1464 2699 1621 2740 Tzetz.
1661 2698 1895 2740 Posthom.

284 2758 510 2800 385—425
541 2758 697 2800 Const.
730 2759 931 2798 Manass.
964 2758 1000 2797 P
1031 2759 1099 2798 29.

396 2886 421 2924 2
453 2883 619 2924 solutis
647 2884 685 2923 V
774 2885 825 2925 18
857 2883 1053 2940 nanctus
1079 2882 1112 2922 G
1208 2882 1263 2923 34
1294 2894 1350 2922 116
1384 2893 1474 2934 qua
1503 2882 1646 2922 maluit
1675 2880 1895 2920 Heinsius.
