<?xml version="1.0" encoding="UTF-8"?>
<!DOCTYPE html PUBLIC "-//W3C//DTD XHTML 1.0 Transitional//EN"
    "http://www.w3.org/TR/xhtml1/DTD/xhtml1-transitional.dtd">
<html xmlns="http://www.w3.org/1999/xhtml" xml:lang="en" lang="en">
 <head>
  <title>
</title>
<meta http-equiv="Content-Type" content="text/html;charset=utf-8" />
  <meta name='ocr-system' content='tesseract 3.04.00' />
  <meta name='ocr-capabilities' content='ocr_page ocr_carea ocr_par ocr_line ocrx_word'/>
</head>
<body>
  <div class='ocr_page' id='page_1' title='image "./dictyscretensise00dictuoft_0220.png"; bbox 0 0 1956 3178; ppageno 0'>
   <div class='ocr_carea' id='block_1_1' title="bbox 1600 0 1956 280">
    <p class='ocr_par' dir='ltr' id='par_1_1' title="bbox 1600 0 1956 280">
     <span class='ocr_line' id='line_1_1' title="bbox 1600 0 1956 280; baseline 0 2898"><span class='ocrx_word' id='word_1_1' title='bbox 1600 0 1956 280; x_wconf 95' lang='lat' dir='ltr'> </span> 
     </span>
    </p>
   </div>
   <div class='ocr_carea' id='block_1_2' title="bbox 201 190 1956 532">
    <p class='ocr_par' dir='ltr' id='par_1_2' title="bbox 201 164 1956 537">
     <span class='ocr_line' id='line_1_2' title="bbox 202 190 1241 244; baseline 0.011 -17"><span class='ocrx_word' id='word_1_2' title='bbox 202 200 344 244; x_wconf 46' lang='lat' dir='ltr'>*xmv</span> <span class='ocrx_word' id='word_1_3' title='bbox 825 190 1241 240; x_wconf 79' lang='lat' dir='ltr'><strong>PRAEFATIO.</strong></span> 
     </span>
     <span class='ocr_line' id='line_1_3' title="bbox 208 257 1956 403; baseline 0.012 -41"><span class='ocrx_word' id='word_1_4' title='bbox 208 328 390 362; x_wconf 89' lang='lat' dir='ltr'>eorum</span> <span class='ocrx_word' id='word_1_5' title='bbox 431 311 610 363; x_wconf 88' lang='lat' dir='ltr'>omisit</span> <span class='ocrx_word' id='word_1_6' title='bbox 649 329 783 379; x_wconf 88' lang='lat' dir='ltr'>quae</span> <span class='ocrx_word' id='word_1_7' title='bbox 821 314 1012 366; x_wconf 86' lang='lat' dir='ltr'>merito</span> <span class='ocrx_word' id='word_1_8' title='bbox 1038 315 1105 367; x_wconf 87' lang='lat' dir='ltr'>ab</span> <span class='ocrx_word' id='word_1_9' title='bbox 1132 319 1380 372; x_wconf 89' lang='lat' dir='ltr'>omnibus</span> <span class='ocrx_word' id='word_1_10' title='bbox 1404 322 1611 378; x_wconf 87' lang='lat' dir='ltr'>laudari</span> <span class='ocrx_word' id='word_1_11' title='bbox 1645 325 1854 382; x_wconf 81' lang='lat' dir='ltr'>debent.</span> <span class='ocrx_word' id='word_1_12' title='bbox 1924 257 1956 403; x_wconf 54' lang='grc' dir='ltr'>Ξ</span> 
     </span>
     <span class='ocr_line' id='line_1_4' title="bbox 202 383 1956 468; baseline 0.011 -34"><span class='ocrx_word' id='word_1_13' title='bbox 202 383 325 436; x_wconf 88' lang='grc' dir='ltr'>Ηο0</span> <span class='ocrx_word' id='word_1_14' title='bbox 377 384 588 453; x_wconf 87' lang='lat' dir='ltr'>quidem</span> <span class='ocrx_word' id='word_1_15' title='bbox 634 384 791 452; x_wconf 89' lang='lat' dir='ltr'>plane</span> <span class='ocrx_word' id='word_1_16' title='bbox 842 387 1055 440; x_wconf 86' lang='lat' dir='ltr'>reticuit</span> <span class='ocrx_word' id='word_1_17' title='bbox 1105 388 1300 461; x_wconf 79' lang='lat' dir='ltr'>Guid0‚</span> <span class='ocrx_word' id='word_1_18' title='bbox 1357 396 1448 448; x_wconf 91' lang='lat' dir='ltr'>sed</span> <span class='ocrx_word' id='word_1_19' title='bbox 1502 416 1616 452; x_wconf 86' lang='lat' dir='ltr'>rem</span> <span class='ocrx_word' id='word_1_20' title='bbox 1667 401 1745 454; x_wconf 88' lang='lat' dir='ltr'>ita</span> <span class='ocrx_word' id='word_1_21' title='bbox 1798 421 1855 456; x_wconf 86' lang='lat' dir='ltr'>se</span> <span class='ocrx_word' id='word_1_22' title='bbox 1938 403 1956 468; x_wconf 68' lang='grc' dir='ltr'>’.ζῑ</span> 
     </span>
     <span class='ocr_line' id='line_1_5' title="bbox 201 456 1854 532; baseline 0.015 -25"><span class='ocrx_word' id='word_1_23' title='bbox 201 456 400 508; x_wconf 85' lang='lat' dir='ltr'>habere</span> <span class='ocrx_word' id='word_1_24' title='bbox 424 458 770 511; x_wconf 88' lang='lat' dir='ltr'>manifestum</span> <span class='ocrx_word' id='word_1_25' title='bbox 795 463 890 513; x_wconf 86' lang='lat' dir='ltr'>est.</span> <span class='ocrx_word' id='word_1_26' title='bbox 946 461 1099 525; x_wconf 77' lang='lat' dir='ltr'>Quod</span> <span class='ocrx_word' id='word_1_27' title='bbox 1123 465 1222 516; x_wconf 88' lang='lat' dir='ltr'>viri</span> <span class='ocrx_word' id='word_1_28' title='bbox 1247 466 1390 520; x_wconf 84' lang='lat' dir='ltr'>docti</span> <span class='ocrx_word' id='word_1_29' title='bbox 1415 471 1854 532; x_wconf 87' lang='lat' dir='ltr'>existimaverunt</span> 
     </span>
    </p>
   </div>
   <div class='ocr_carea' id='block_1_3' title="bbox 203 531 1956 616">
    <p class='ocr_par' dir='ltr' id='par_1_3' title="bbox 203 531 1956 616">
     <span class='ocr_line' id='line_1_6' title="bbox 203 531 1956 616; baseline 0.014 -36"><span class='ocrx_word' id='word_1_30' title='bbox 203 531 451 596; x_wconf 87' lang='lat' dir='ltr'>primitus</span> <span class='ocrx_word' id='word_1_31' title='bbox 500 550 688 602; x_wconf 79' lang='lat' dir='ltr'>graece</span> <span class='ocrx_word' id='word_1_32' title='bbox 733 534 899 589; x_wconf 80' lang='lat' dir='ltr'>fuisse</span> <span class='ocrx_word' id='word_1_33' title='bbox 947 539 1204 609; x_wconf 89' lang='lat' dir='ltr'>scriptum</span> <span class='ocrx_word' id='word_1_34' title='bbox 1244 539 1496 596; x_wconf 85' lang='lat' dir='ltr'>Daretem</span> <span class='ocrx_word' id='word_1_35' title='bbox 1544 549 1597 598; x_wconf 91' lang='lat' dir='ltr'>et</span> <span class='ocrx_word' id='word_1_36' title='bbox 1632 553 1865 616; x_wconf 86' lang='lat' dir='ltr'>postero·</span> <span class='ocrx_word' id='word_1_37' title='bbox 1943 537 1956 606; x_wconf 45' lang='lat' dir='ltr'>s-</span> 
     </span>
    </p>
   </div>
   <div class='ocr_carea' id='block_1_4' title="bbox 112 603 1956 692">
    <p class='ocr_par' dir='ltr' id='par_1_4' title="bbox 112 603 1956 692">
     <span class='ocr_line' id='line_1_7' title="bbox 112 603 1956 692; baseline 0.016 -40"><span class='ocrx_word' id='word_1_38' title='bbox 112 670 117 674; x_wconf 23' lang='lat'>.</span> <span class='ocrx_word' id='word_1_39' title='bbox 198 603 414 656; x_wconf 88' lang='lat' dir='ltr'>demum</span> <span class='ocrx_word' id='word_1_40' title='bbox 432 608 669 675; x_wconf 87' lang='lat' dir='ltr'>tempore</span> <span class='ocrx_word' id='word_1_41' title='bbox 694 609 751 661; x_wconf 87' lang='lat' dir='ltr'>in</span> <span class='ocrx_word' id='word_1_42' title='bbox 773 611 1014 681; x_wconf 82' lang='lat' dir='ltr'>linguam</span> <span class='ocrx_word' id='word_1_43' title='bbox 1036 615 1262 668; x_wconf 90' lang='lat' dir='ltr'>latinam</span> <span class='ocrx_word' id='word_1_44' title='bbox 1287 620 1664 692; x_wconf 79' lang='lat' dir='ltr'>transversum,</span> <span class='ocrx_word' id='word_1_45' title='bbox 1691 625 1852 679; x_wconf 90' lang='lat' dir='ltr'>simul</span> <span class='ocrx_word' id='word_1_46' title='bbox 1939 627 1956 675; x_wconf 67' lang='grc' dir='ltr'>’ὲ</span> 
     </span>
    </p>
   </div>
   <div class='ocr_carea' id='block_1_5' title="bbox 169 679 1956 3036">
    <p class='ocr_par' dir='ltr' id='par_1_5' title="bbox 174 679 1956 2448">
     <span class='ocr_line' id='line_1_8' title="bbox 198 679 1942 757; baseline 0.015 -30"><span class='ocrx_word' id='word_1_47' title='bbox 198 679 380 729; x_wconf 83' lang='lat' dir='ltr'>autem</span> <span class='ocrx_word' id='word_1_48' title='bbox 422 683 756 735; x_wconf 86' lang='lat' dir='ltr'>contractum</span> <span class='ocrx_word' id='word_1_49' title='bbox 802 685 867 737; x_wconf 88' lang='lat' dir='ltr'>iis</span> <span class='ocrx_word' id='word_1_50' title='bbox 916 705 1051 755; x_wconf 84' lang='lat' dir='ltr'>quae</span> <span class='ocrx_word' id='word_1_51' title='bbox 1092 691 1231 757; x_wconf 89' lang='lat' dir='ltr'>apud</span> <span class='ocrx_word' id='word_1_52' title='bbox 1271 690 1571 747; x_wconf 82' lang='lat' dir='ltr'>Guidonem</span> <span class='ocrx_word' id='word_1_53' title='bbox 1611 698 1848 752; x_wconf 87' lang='lat' dir='ltr'>animad-</span> <span class='ocrx_word' id='word_1_54' title='bbox 1936 697 1942 705; x_wconf 65' lang='grc'><strong><em>”</em></strong></span> 
     </span>
     <span class='ocr_line' id='line_1_9' title="bbox 198 753 1939 832; baseline 0.014 -30"><span class='ocrx_word' id='word_1_55' title='bbox 198 753 455 806; x_wconf 78' lang='lat' dir='ltr'>vertimus</span> <span class='ocrx_word' id='word_1_56' title='bbox 512 773 730 823; x_wconf 83' lang='lat' dir='ltr'>prorsus</span> <span class='ocrx_word' id='word_1_57' title='bbox 794 760 1002 813; x_wconf 85' lang='lat' dir='ltr'>videtur</span> <span class='ocrx_word' id='word_1_58' title='bbox 1055 765 1404 832; x_wconf 88' lang='lat' dir='ltr'>comprobari.</span> <span class='ocrx_word' id='word_1_59' title='bbox 1503 767 1637 822; x_wconf 83' lang='lat' dir='ltr'>Cum</span> <span class='ocrx_word' id='word_1_60' title='bbox 1702 773 1848 826; x_wconf 87' lang='lat' dir='ltr'>enim</span> <span class='ocrx_word' id='word_1_61' title='bbox 1930 805 1939 810; x_wconf 80' lang='lat'><em>-</em></span> 
     </span>
     <span class='ocr_line' id='line_1_10' title="bbox 199 827 1847 898; baseline 0.013 -22"><span class='ocrx_word' id='word_1_62' title='bbox 199 827 559 894; x_wconf 78' lang='lat' dir='ltr'>compluribus</span> <span class='ocrx_word' id='word_1_63' title='bbox 603 830 734 881; x_wconf 87' lang='lat' dir='ltr'>locis</span> <span class='ocrx_word' id='word_1_64' title='bbox 785 830 999 886; x_wconf 87' lang='lat' dir='ltr'>Daretis</span> <span class='ocrx_word' id='word_1_65' title='bbox 1049 855 1246 889; x_wconf 91' lang='lat' dir='ltr'>nomen</span> <span class='ocrx_word' id='word_1_66' title='bbox 1297 846 1740 896; x_wconf 74' lang='lat' dir='ltr'>commemoretur</span> <span class='ocrx_word' id='word_1_67' title='bbox 1788 846 1847 898; x_wconf 89' lang='lat' dir='ltr'>in</span> 
     </span>
     <span class='ocr_line' id='line_1_11' title="bbox 195 899 1934 981; baseline 0.013 -32"><span class='ocrx_word' id='word_1_68' title='bbox 195 899 354 951; x_wconf 84' lang='lat' dir='ltr'>rebus</span> <span class='ocrx_word' id='word_1_69' title='bbox 396 901 755 954; x_wconf 85' lang='lat' dir='ltr'>describendis</span> <span class='ocrx_word' id='word_1_70' title='bbox 797 923 928 972; x_wconf 90' lang='lat' dir='ltr'>quas</span> <span class='ocrx_word' id='word_1_71' title='bbox 968 907 1124 959; x_wconf 89' lang='lat' dir='ltr'>hodie</span> <span class='ocrx_word' id='word_1_72' title='bbox 1170 911 1371 963; x_wconf 86' lang='lat' dir='ltr'>frustra</span> <span class='ocrx_word' id='word_1_73' title='bbox 1411 915 1551 981; x_wconf 91' lang='lat' dir='ltr'>apud</span> <span class='ocrx_word' id='word_1_74' title='bbox 1591 915 1845 972; x_wconf 87' lang='lat' dir='ltr'>Daretem</span> <span class='ocrx_word' id='word_1_75' title='bbox 1932 956 1934 958; x_wconf 31' lang='lat' dir='ltr'>v</span> 
     </span>
     <span class='ocr_line' id='line_1_12' title="bbox 192 973 1951 1054; baseline 0.014 -32"><span class='ocrx_word' id='word_1_76' title='bbox 192 973 516 1042; x_wconf 78' lang='lat' dir='ltr'>quaerimus,</span> <span class='ocrx_word' id='word_1_77' title='bbox 555 975 690 1026; x_wconf 81' lang='lat' dir='ltr'>nihil</span> <span class='ocrx_word' id='word_1_78' title='bbox 714 977 921 1030; x_wconf 85' lang='lat' dir='ltr'>videtur</span> <span class='ocrx_word' id='word_1_79' title='bbox 946 980 1235 1048; x_wconf 80' lang='lat' dir='ltr'>simplicius</span> <span class='ocrx_word' id='word_1_80' title='bbox 1276 1003 1436 1052; x_wconf 88' lang='lat' dir='ltr'>quam</span> <span class='ocrx_word' id='word_1_81' title='bbox 1465 990 1654 1054; x_wconf 89' lang='lat' dir='ltr'>putare</span> <span class='ocrx_word' id='word_1_82' title='bbox 1679 991 1843 1054; x_wconf 84' lang='lat' dir='ltr'>alium</span> <span class='ocrx_word' id='word_1_83' title='bbox 1945 1007 1951 1026; x_wconf 71' lang='grc'>-’</span> 
     </span>
     <span class='ocr_line' id='line_1_13' title="bbox 195 1045 1842 1119; baseline 0.013 -23"><span class='ocrx_word' id='word_1_84' title='bbox 195 1045 449 1099; x_wconf 89' lang='lat' dir='ltr'>Daretem</span> <span class='ocrx_word' id='word_1_85' title='bbox 500 1047 731 1100; x_wconf 79' lang='lat' dir='ltr'>Guidoni</span> <span class='ocrx_word' id='word_1_86' title='bbox 781 1055 993 1119; x_wconf 85' lang='lat' dir='ltr'>praesto</span> <span class='ocrx_word' id='word_1_87' title='bbox 1043 1055 1223 1108; x_wconf 87' lang='lat' dir='ltr'>fuisse.</span> <span class='ocrx_word' id='word_1_88' title='bbox 1301 1056 1402 1110; x_wconf 79' lang='lat' dir='ltr'>Sed</span> <span class='ocrx_word' id='word_1_89' title='bbox 1450 1079 1534 1112; x_wconf 88' lang='lat' dir='ltr'>res</span> <span class='ocrx_word' id='word_1_90' title='bbox 1582 1063 1735 1116; x_wconf 86' lang='lat' dir='ltr'>aliter</span> <span class='ocrx_word' id='word_1_91' title='bbox 1786 1084 1842 1118; x_wconf 89' lang='lat' dir='ltr'>se</span> 
     </span>
     <span class='ocr_line' id='line_1_14' title="bbox 194 1119 1938 1197; baseline 0.012 -26"><span class='ocrx_word' id='word_1_92' title='bbox 194 1119 378 1189; x_wconf 77' lang='lat' dir='ltr'>habet,</span> <span class='ocrx_word' id='word_1_93' title='bbox 433 1141 623 1192; x_wconf 86' lang='lat' dir='ltr'>nempe</span> <span class='ocrx_word' id='word_1_94' title='bbox 662 1140 726 1175; x_wconf 85' lang='lat' dir='ltr'>ex</span> <span class='ocrx_word' id='word_1_95' title='bbox 763 1123 1052 1179; x_wconf 89' lang='lat' dir='ltr'>Benedicto</span> <span class='ocrx_word' id='word_1_96' title='bbox 1094 1147 1251 1197; x_wconf 87' lang='lat' dir='ltr'>quem</span> <span class='ocrx_word' id='word_1_97' title='bbox 1290 1131 1378 1184; x_wconf 89' lang='lat' dir='ltr'>ille</span> <span class='ocrx_word' id='word_1_98' title='bbox 1417 1131 1632 1188; x_wconf 87' lang='lat' dir='ltr'>Daretis</span> <span class='ocrx_word' id='word_1_99' title='bbox 1678 1138 1840 1191; x_wconf 86' lang='lat' dir='ltr'>inter·</span> <span class='ocrx_word' id='word_1_100' title='bbox 1935 1155 1938 1158; x_wconf 70' lang='grc'>’</span> 
     </span>
     <span class='ocr_line' id='line_1_15' title="bbox 191 1197 1956 1272; baseline 0.01 -27"><span class='ocrx_word' id='word_1_101' title='bbox 191 1197 397 1261; x_wconf 87' lang='lat' dir='ltr'>pretem</span> <span class='ocrx_word' id='word_1_102' title='bbox 449 1215 562 1248; x_wconf 87' lang='lat' dir='ltr'>esse</span> <span class='ocrx_word' id='word_1_103' title='bbox 614 1198 835 1251; x_wconf 89' lang='lat' dir='ltr'>credidit</span> <span class='ocrx_word' id='word_1_104' title='bbox 886 1219 948 1253; x_wconf 85' lang='lat' dir='ltr'>ea</span> <span class='ocrx_word' id='word_1_105' title='bbox 999 1206 1212 1272; x_wconf 82' lang='lat' dir='ltr'>sumpta</span> <span class='ocrx_word' id='word_1_106' title='bbox 1263 1210 1400 1258; x_wconf 88' lang='lat' dir='ltr'>sunt.</span> <span class='ocrx_word' id='word_1_107' title='bbox 1491 1206 1837 1266; x_wconf 81' lang='lat' dir='ltr'>Conferamus</span> <span class='ocrx_word' id='word_1_108' title='bbox 1953 1262 1956 1263; x_wconf 10' lang='grc' dir='ltr'><em>γ</em></span> 
     </span>
     <span class='ocr_line' id='line_1_16' title="bbox 190 1270 1944 1341; baseline 0.012 -23"><span class='ocrx_word' id='word_1_109' title='bbox 190 1270 371 1320; x_wconf 87' lang='lat' dir='ltr'>autem</span> <span class='ocrx_word' id='word_1_110' title='bbox 395 1270 547 1324; x_wconf 88' lang='lat' dir='ltr'>haec:</span> <span class='ocrx_word' id='word_1_111' title='bbox 587 1271 652 1323; x_wconf 90' lang='lat' dir='ltr'>In</span> <span class='ocrx_word' id='word_1_112' title='bbox 674 1275 936 1341; x_wconf 80' lang='lat' dir='ltr'>„secundo</span> <span class='ocrx_word' id='word_1_113' title='bbox 961 1276 1101 1329; x_wconf 87' lang='lat' dir='ltr'>bello</span> <span class='ocrx_word' id='word_1_114' title='bbox 1141 1279 1249 1330; x_wconf 87' lang='lat' dir='ltr'>iam</span> <span class='ocrx_word' id='word_1_115' title='bbox 1289 1280 1563 1333; x_wconf 87' lang='lat' dir='ltr'>obsidione</span> <span class='ocrx_word' id='word_1_116' title='bbox 1594 1284 1840 1338; x_wconf 84' lang='lat' dir='ltr'>firmata“</span> <span class='ocrx_word' id='word_1_117' title='bbox 1940 1319 1944 1322; x_wconf 58' lang='lat'>&gt;</span> 
     </span>
     <span class='ocr_line' id='line_1_17' title="bbox 189 1343 1956 1425; baseline 0.011 -32"><span class='ocrx_word' id='word_1_118' title='bbox 189 1343 369 1411; x_wconf 79' lang='lat' dir='ltr'>prodit</span> <span class='ocrx_word' id='word_1_119' title='bbox 421 1344 621 1397; x_wconf 88' lang='lat' dir='ltr'>Hector</span> <span class='ocrx_word' id='word_1_120' title='bbox 678 1347 783 1398; x_wconf 86' lang='lat' dir='ltr'>dux</span> <span class='ocrx_word' id='word_1_121' title='bbox 836 1367 1009 1401; x_wconf 87' lang='lat' dir='ltr'>nonae</span> <span class='ocrx_word' id='word_1_122' title='bbox 1065 1353 1217 1418; x_wconf 87' lang='lat' dir='ltr'>aciei,</span> <span class='ocrx_word' id='word_1_123' title='bbox 1282 1372 1475 1423; x_wconf 89' lang='lat' dir='ltr'>equum</span> <span class='ocrx_word' id='word_1_124' title='bbox 1530 1359 1839 1412; x_wconf 73' lang='lat' dir='ltr'>conscendit</span> <span class='ocrx_word' id='word_1_125' title='bbox 1952 1424 1956 1425; x_wconf 14' lang='lat'><em>⁷</em></span> 
     </span>
     <span class='ocr_line' id='line_1_18' title="bbox 188 1415 1938 1500; baseline 0.011 -33"><span class='ocrx_word' id='word_1_126' title='bbox 188 1415 558 1487; x_wconf 77' lang='lat' dir='ltr'>„Galatheam,</span> <span class='ocrx_word' id='word_1_127' title='bbox 619 1420 681 1472; x_wconf 93' lang='lat' dir='ltr'>de</span> <span class='ocrx_word' id='word_1_128' title='bbox 732 1422 879 1473; x_wconf 90' lang='lat' dir='ltr'>cuius</span> <span class='ocrx_word' id='word_1_129' title='bbox 931 1425 1300 1493; x_wconf 73' lang='lat' dir='ltr'>magnitudine</span> <span class='ocrx_word' id='word_1_130' title='bbox 1353 1427 1665 1482; x_wconf 85' lang='lat' dir='ltr'>fortitudine</span> <span class='ocrx_word' id='word_1_131' title='bbox 1720 1434 1835 1500; x_wconf 88' lang='lat' dir='ltr'>pul-</span> <span class='ocrx_word' id='word_1_132' title='bbox 1936 1447 1938 1450; x_wconf 83' lang='grc'><strong>“</strong></span> 
     </span>
     <span class='ocr_line' id='line_1_19' title="bbox 190 1490 1836 1574; baseline 0.01 -32"><span class='ocrx_word' id='word_1_133' title='bbox 190 1490 488 1544; x_wconf 88' lang='lat' dir='ltr'>chritudine</span> <span class='ocrx_word' id='word_1_134' title='bbox 538 1497 590 1545; x_wconf 89' lang='lat' dir='ltr'>et</span> <span class='ocrx_word' id='word_1_135' title='bbox 642 1495 750 1547; x_wconf 88' lang='lat' dir='ltr'>suis</span> <span class='ocrx_word' id='word_1_136' title='bbox 803 1496 920 1547; x_wconf 87' lang='lat' dir='ltr'>aliis</span> <span class='ocrx_word' id='word_1_137' title='bbox 971 1499 1257 1552; x_wconf 86' lang='lat' dir='ltr'>virtutibus</span> <span class='ocrx_word' id='word_1_138' title='bbox 1308 1502 1574 1555; x_wconf 81' lang='lat' dir='ltr'>mirabilia</span> <span class='ocrx_word' id='word_1_139' title='bbox 1622 1506 1836 1574; x_wconf 86' lang='lat' dir='ltr'>scripsit</span> 
     </span>
     <span class='ocr_line' id='line_1_20' title="bbox 188 1561 1834 1640; baseline 0.011 -26"><span class='ocrx_word' id='word_1_140' title='bbox 188 1561 403 1617; x_wconf 80' lang='lat' dir='ltr'>Dares“.</span> <span class='ocrx_word' id='word_1_141' title='bbox 442 1565 722 1636; x_wconf 87' lang='lat' dir='ltr'>Nusquam</span> <span class='ocrx_word' id='word_1_142' title='bbox 747 1570 853 1620; x_wconf 85' lang='lat' dir='ltr'>tale</span> <span class='ocrx_word' id='word_1_143' title='bbox 894 1571 1094 1639; x_wconf 87' lang='lat' dir='ltr'>aliquid</span> <span class='ocrx_word' id='word_1_144' title='bbox 1134 1575 1274 1640; x_wconf 88' lang='lat' dir='ltr'>apud</span> <span class='ocrx_word' id='word_1_145' title='bbox 1312 1578 1556 1628; x_wconf 87' lang='lat' dir='ltr'>nostrum</span> <span class='ocrx_word' id='word_1_146' title='bbox 1581 1577 1834 1632; x_wconf 87' lang='lat' dir='ltr'>Daretem</span> 
     </span>
     <span class='ocr_line' id='line_1_21' title="bbox 187 1637 1834 1721; baseline 0.011 -34"><span class='ocrx_word' id='word_1_147' title='bbox 187 1637 488 1691; x_wconf 85' lang='lat' dir='ltr'>invenimus</span> <span class='ocrx_word' id='word_1_148' title='bbox 497 1682 510 1707; x_wconf 67' lang='lat'><em>7</em></span> <span class='ocrx_word' id='word_1_149' title='bbox 538 1642 629 1693; x_wconf 90' lang='lat' dir='ltr'>sed</span> <span class='ocrx_word' id='word_1_150' title='bbox 645 1661 712 1694; x_wconf 92' lang='lat' dir='ltr'>ne</span> <span class='ocrx_word' id='word_1_151' title='bbox 739 1645 996 1711; x_wconf 87' lang='lat' dir='ltr'>suspicari</span> <span class='ocrx_word' id='word_1_152' title='bbox 1014 1646 1227 1714; x_wconf 89' lang='lat' dir='ltr'>quidem</span> <span class='ocrx_word' id='word_1_153' title='bbox 1251 1648 1375 1700; x_wconf 88' lang='lat' dir='ltr'>licet</span> <span class='ocrx_word' id='word_1_154' title='bbox 1400 1669 1503 1719; x_wconf 89' lang='lat' dir='ltr'>quo</span> <span class='ocrx_word' id='word_1_155' title='bbox 1528 1651 1645 1703; x_wconf 91' lang='lat' dir='ltr'>loco</span> <span class='ocrx_word' id='word_1_156' title='bbox 1671 1653 1834 1721; x_wconf 85' lang='lat' dir='ltr'>scrip-</span> 
     </span>
     <span class='ocr_line' id='line_1_22' title="bbox 186 1711 1832 1794; baseline 0.011 -33"><span class='ocrx_word' id='word_1_157' title='bbox 186 1713 302 1762; x_wconf 89' lang='lat' dir='ltr'>tum</span> <span class='ocrx_word' id='word_1_158' title='bbox 318 1711 491 1781; x_wconf 82' lang='lat' dir='ltr'>fuerit,</span> <span class='ocrx_word' id='word_1_159' title='bbox 512 1720 783 1784; x_wconf 89' lang='lat' dir='ltr'>sumptum</span> <span class='ocrx_word' id='word_1_160' title='bbox 802 1721 881 1768; x_wconf 89' lang='lat' dir='ltr'>est</span> <span class='ocrx_word' id='word_1_161' title='bbox 896 1736 958 1769; x_wconf 86' lang='lat' dir='ltr'>ex</span> <span class='ocrx_word' id='word_1_162' title='bbox 974 1718 1262 1773; x_wconf 89' lang='lat' dir='ltr'>Benedicto</span> <span class='ocrx_word' id='word_1_163' title='bbox 1281 1720 1350 1789; x_wconf 81' lang='lat' dir='ltr'>(v.</span> <span class='ocrx_word' id='word_1_164' title='bbox 1372 1724 1512 1776; x_wconf 82' lang='lat'>7989</span> <span class='ocrx_word' id='word_1_165' title='bbox 1533 1723 1715 1794; x_wconf 88' lang='lat' dir='ltr'>seqq.).</span> <span class='ocrx_word' id='word_1_166' title='bbox 1765 1725 1832 1779; x_wconf 92' lang='lat' dir='ltr'>In</span> 
     </span>
     <span class='ocr_line' id='line_1_23' title="bbox 187 1785 1831 1859; baseline 0.01 -24"><span class='ocrx_word' id='word_1_167' title='bbox 187 1785 359 1851; x_wconf 89' lang='lat' dir='ltr'>capite</span> <span class='ocrx_word' id='word_1_168' title='bbox 397 1786 655 1856; x_wconf 87' lang='lat' dir='ltr'>inscripto</span> <span class='ocrx_word' id='word_1_169' title='bbox 695 1790 952 1859; x_wconf 77' lang='lat' dir='ltr'>„Quando</span> <span class='ocrx_word' id='word_1_170' title='bbox 976 1792 1280 1846; x_wconf 89' lang='lat' dir='ltr'>Polidamas</span> <span class='ocrx_word' id='word_1_171' title='bbox 1320 1796 1476 1848; x_wconf 86' lang='lat' dir='ltr'>irruit</span> <span class='ocrx_word' id='word_1_172' title='bbox 1513 1798 1571 1849; x_wconf 88' lang='lat' dir='ltr'>in</span> <span class='ocrx_word' id='word_1_173' title='bbox 1592 1797 1831 1852; x_wconf 76' lang='lat' dir='ltr'>Mei-eum</span> 
     </span>
     <span class='ocr_line' id='line_1_24' title="bbox 185 1860 1829 1926; baseline 0.01 -17"><span class='ocrx_word' id='word_1_174' title='bbox 185 1861 433 1926; x_wconf 91' lang='lat' dir='ltr'>nepotem</span> <span class='ocrx_word' id='word_1_175' title='bbox 457 1860 642 1914; x_wconf 88' lang='lat' dir='ltr'>helene</span> <span class='ocrx_word' id='word_1_176' title='bbox 683 1867 735 1915; x_wconf 90' lang='lat' dir='ltr'>et</span> <span class='ocrx_word' id='word_1_177' title='bbox 772 1865 1039 1917; x_wconf 69' lang='lat' dir='ltr'>interfecit</span> <span class='ocrx_word' id='word_1_178' title='bbox 1079 1867 1232 1918; x_wconf 78' lang='lat' dir='ltr'>eum“</span> <span class='ocrx_word' id='word_1_179' title='bbox 1266 1874 1452 1922; x_wconf 87' lang='lat' dir='ltr'>narrat</span> <span class='ocrx_word' id='word_1_180' title='bbox 1486 1871 1549 1922; x_wconf 94' lang='lat' dir='ltr'>de</span> <span class='ocrx_word' id='word_1_181' title='bbox 1573 1870 1829 1926; x_wconf 85' lang='lat' dir='ltr'>Merionis</span> 
     </span>
     <span class='ocr_line' id='line_1_25' title="bbox 181 1938 1831 2014; baseline 0.009 -31"><span class='ocrx_word' id='word_1_182' title='bbox 181 1949 404 1999; x_wconf 80' lang='lat' dir='ltr'>corpore</span> <span class='ocrx_word' id='word_1_183' title='bbox 454 1938 652 1988; x_wconf 88' lang='lat' dir='ltr'>mortui</span> <span class='ocrx_word' id='word_1_184' title='bbox 703 1938 1011 1990; x_wconf 88' lang='lat' dir='ltr'>dimicatum</span> <span class='ocrx_word' id='word_1_185' title='bbox 1062 1958 1197 2009; x_wconf 78' lang='lat' dir='ltr'>esse,</span> <span class='ocrx_word' id='word_1_186' title='bbox 1247 1945 1363 1993; x_wconf 89' lang='lat' dir='ltr'>tum</span> <span class='ocrx_word' id='word_1_187' title='bbox 1412 1945 1609 2013; x_wconf 86' lang='lat' dir='ltr'>pergit:</span> <span class='ocrx_word' id='word_1_188' title='bbox 1685 1945 1831 2014; x_wconf 82' lang='lat' dir='ltr'>„Rex</span> 
     </span>
     <span class='ocr_line' id='line_1_26' title="bbox 179 2005 1922 2086; baseline 0.009 -30"><span class='ocrx_word' id='word_1_189' title='bbox 179 2023 307 2057; x_wconf 76' lang='lat' dir='ltr'>vero</span> <span class='ocrx_word' id='word_1_190' title='bbox 349 2005 543 2061; x_wconf 81' lang='lat' dir='ltr'>Oelidis</span> <span class='ocrx_word' id='word_1_191' title='bbox 593 2011 684 2078; x_wconf 87' lang='lat' dir='ltr'>qui</span> <span class='ocrx_word' id='word_1_192' title='bbox 731 2011 916 2063; x_wconf 90' lang='lat' dir='ltr'>diebus</span> <span class='ocrx_word' id='word_1_193' title='bbox 965 2013 1074 2065; x_wconf 87' lang='lat' dir='ltr'>suis</span> <span class='ocrx_word' id='word_1_194' title='bbox 1115 2015 1362 2067; x_wconf 88' lang='lat' dir='ltr'>omnibus</span> <span class='ocrx_word' id='word_1_195' title='bbox 1403 2017 1520 2068; x_wconf 87' lang='lat' dir='ltr'>aliis</span> <span class='ocrx_word' id='word_1_196' title='bbox 1560 2018 1617 2069; x_wconf 90' lang='lat' dir='ltr'>in</span> <span class='ocrx_word' id='word_1_197' title='bbox 1655 2018 1829 2072; x_wconf 85' lang='lat' dir='ltr'>forma</span> <span class='ocrx_word' id='word_1_198' title='bbox 1919 2085 1922 2086; x_wconf 15' lang='lat'><em>⁷</em></span> 
     </span>
     <span class='ocr_line' id='line_1_27' title="bbox 181 2080 1827 2161; baseline 0.009 -31"><span class='ocrx_word' id='word_1_199' title='bbox 181 2080 592 2146; x_wconf 87' lang='lat' dir='ltr'>pulchritudinis</span> <span class='ocrx_word' id='word_1_200' title='bbox 639 2084 743 2135; x_wconf 89' lang='lat' dir='ltr'>fuit</span> <span class='ocrx_word' id='word_1_201' title='bbox 787 2086 1055 2153; x_wconf 86' lang='lat' dir='ltr'>praelatus</span> <span class='ocrx_word' id='word_1_202' title='bbox 1065 2130 1078 2155; x_wconf 70' lang='lat'><em>7</em></span> <span class='ocrx_word' id='word_1_203' title='bbox 1133 2088 1196 2139; x_wconf 94' lang='lat' dir='ltr'>de</span> <span class='ocrx_word' id='word_1_204' title='bbox 1244 2107 1348 2157; x_wconf 88' lang='lat' dir='ltr'>quo</span> <span class='ocrx_word' id='word_1_205' title='bbox 1391 2091 1604 2158; x_wconf 85' lang='lat' dir='ltr'>scripsit</span> <span class='ocrx_word' id='word_1_206' title='bbox 1641 2090 1827 2161; x_wconf 89' lang='lat' dir='ltr'>Dares,</span> 
     </span>
     <span class='ocr_line' id='line_1_28' title="bbox 182 2153 1825 2234; baseline 0.009 -31"><span class='ocrx_word' id='word_1_207' title='bbox 182 2153 323 2220; x_wconf 85' lang='lat' dir='ltr'>quod</span> <span class='ocrx_word' id='word_1_208' title='bbox 364 2155 474 2206; x_wconf 90' lang='lat' dir='ltr'>eius</span> <span class='ocrx_word' id='word_1_209' title='bbox 515 2155 742 2208; x_wconf 85' lang='lat' dir='ltr'>formam</span> <span class='ocrx_word' id='word_1_210' title='bbox 781 2160 958 2211; x_wconf 90' lang='lat' dir='ltr'>nullus</span> <span class='ocrx_word' id='word_1_211' title='bbox 999 2161 1293 2213; x_wconf 89' lang='lat' dir='ltr'>describere</span> <span class='ocrx_word' id='word_1_212' title='bbox 1333 2164 1614 2232; x_wconf 80' lang='lat' dir='ltr'>potuisset,</span> <span class='ocrx_word' id='word_1_213' title='bbox 1668 2183 1825 2234; x_wconf 91' lang='lat' dir='ltr'>quem</span> 
     </span>
     <span class='ocr_line' id='line_1_29' title="bbox 182 2227 1834 2304; baseline 0.009 -28"><span class='ocrx_word' id='word_1_214' title='bbox 182 2227 368 2294; x_wconf 86' lang='lat' dir='ltr'>regina</span> <span class='ocrx_word' id='word_1_215' title='bbox 407 2228 469 2279; x_wconf 91' lang='lat' dir='ltr'>de</span> <span class='ocrx_word' id='word_1_216' title='bbox 508 2229 737 2282; x_wconf 87' lang='lat' dir='ltr'>femineo</span> <span class='ocrx_word' id='word_1_217' title='bbox 777 2233 917 2284; x_wconf 87' lang='lat' dir='ltr'>tanti</span> <span class='ocrx_word' id='word_1_218' title='bbox 943 2235 1138 2286; x_wconf 87' lang='lat' dir='ltr'>amoris</span> <span class='ocrx_word' id='word_1_219' title='bbox 1172 2235 1359 2287; x_wconf 87' lang='lat' dir='ltr'>ardore</span> <span class='ocrx_word' id='word_1_220' title='bbox 1394 2238 1834 2304; x_wconf 78' lang='lat' dir='ltr'>praecordialiter</span> 
     </span>
     <span class='ocr_line' id='line_1_30' title="bbox 177 2299 1824 2380; baseline 0.009 -30"><span class='ocrx_word' id='word_1_221' title='bbox 177 2299 458 2369; x_wconf 79' lang='lat' dir='ltr'>diligebat,</span> <span class='ocrx_word' id='word_1_222' title='bbox 514 2304 654 2371; x_wconf 90' lang='lat' dir='ltr'>quod</span> <span class='ocrx_word' id='word_1_223' title='bbox 707 2307 878 2374; x_wconf 89' lang='lat' dir='ltr'>magis</span> <span class='ocrx_word' id='word_1_224' title='bbox 936 2324 1055 2358; x_wconf 89' lang='lat' dir='ltr'>eum</span> <span class='ocrx_word' id='word_1_225' title='bbox 1111 2326 1292 2359; x_wconf 86' lang='lat' dir='ltr'>carum</span> <span class='ocrx_word' id='word_1_226' title='bbox 1345 2309 1578 2362; x_wconf 89' lang='lat' dir='ltr'>habebat</span> <span class='ocrx_word' id='word_1_227' title='bbox 1621 2311 1824 2380; x_wconf 85' lang='lat' dir='ltr'>intime,</span> 
     </span>
     <span class='ocr_line' id='line_1_31' title="bbox 174 2376 1822 2448; baseline 0.008 -25"><span class='ocrx_word' id='word_1_228' title='bbox 174 2390 339 2439; x_wconf 87' lang='lat' dir='ltr'>quam</span> <span class='ocrx_word' id='word_1_229' title='bbox 365 2393 421 2426; x_wconf 89' lang='grc'><strong>80</strong></span> <span class='ocrx_word' id='word_1_230' title='bbox 445 2376 663 2443; x_wconf 78' lang='lat' dir='ltr'>ipsam“.</span> <span class='ocrx_word' id='word_1_231' title='bbox 701 2377 883 2430; x_wconf 85' lang='lat' dir='ltr'>Etiam</span> <span class='ocrx_word' id='word_1_232' title='bbox 922 2380 1022 2432; x_wconf 86' lang='lat' dir='ltr'>hoc</span> <span class='ocrx_word' id='word_1_233' title='bbox 1048 2384 1319 2448; x_wconf 88' lang='lat' dir='ltr'>sumptum</span> <span class='ocrx_word' id='word_1_234' title='bbox 1343 2386 1425 2434; x_wconf 88' lang='lat' dir='ltr'>est</span> <span class='ocrx_word' id='word_1_235' title='bbox 1448 2401 1510 2434; x_wconf 90' lang='lat' dir='ltr'>ex</span> <span class='ocrx_word' id='word_1_236' title='bbox 1533 2383 1822 2438; x_wconf 89' lang='lat' dir='ltr'>Benedicto</span> 
     </span>
    </p>

    <p class='ocr_par' dir='ltr' id='par_1_6' title="bbox 169 2445 1951 3036">
     <span class='ocr_line' id='line_1_32' title="bbox 172 2445 1877 2519; baseline 0.008 -23"><span class='ocrx_word' id='word_1_237' title='bbox 172 2445 247 2512; x_wconf 83' lang='lat' dir='ltr'>(v.</span> <span class='ocrx_word' id='word_1_238' title='bbox 290 2447 431 2500; x_wconf 81' lang='lat'>8789</span> <span class='ocrx_word' id='word_1_239' title='bbox 474 2449 655 2519; x_wconf 74' lang='grc'><strong>8000).</strong></span> <span class='ocrx_word' id='word_1_240' title='bbox 731 2450 795 2502; x_wconf 93' lang='lat' dir='ltr'>In</span> <span class='ocrx_word' id='word_1_241' title='bbox 831 2456 1050 2519; x_wconf 79' lang='lat' dir='ltr'>„octavo</span> <span class='ocrx_word' id='word_1_242' title='bbox 1089 2454 1260 2506; x_wconf 66' lang='grc' dir='ltr'>130110α</span> <span class='ocrx_word' id='word_1_243' title='bbox 1282 2455 1396 2507; x_wconf 87' lang='lat' dir='ltr'>init.</span> <span class='ocrx_word' id='word_1_244' title='bbox 1420 2457 1640 2509; x_wconf 87' lang='lat' dir='ltr'>indutiis</span> <span class='ocrx_word' id='word_1_245' title='bbox 1665 2457 1822 2510; x_wconf 86' lang='lat' dir='ltr'>factis</span> <span class='ocrx_word' id='word_1_246' title='bbox 1873 2511 1877 2519; x_wconf 67' lang='grc'><strong>,</strong></span> 
     </span>
     <span class='ocr_line' id='line_1_33' title="bbox 172 2517 1821 2597; baseline 0.008 -28"><span class='ocrx_word' id='word_1_247' title='bbox 172 2517 376 2572; x_wconf 87' lang='lat' dir='ltr'>Hector</span> <span class='ocrx_word' id='word_1_248' title='bbox 415 2523 634 2574; x_wconf 88' lang='lat' dir='ltr'>vulnera</span> <span class='ocrx_word' id='word_1_249' title='bbox 659 2528 810 2576; x_wconf 84' lang='lat' dir='ltr'>curat</span> <span class='ocrx_word' id='word_1_250' title='bbox 854 2526 1062 2592; x_wconf 84' lang='lat' dir='ltr'>„iacens</span> <span class='ocrx_word' id='word_1_251' title='bbox 1101 2531 1229 2579; x_wconf 88' lang='lat' dir='ltr'>tunc</span> <span class='ocrx_word' id='word_1_252' title='bbox 1268 2529 1324 2579; x_wconf 88' lang='lat' dir='ltr'>in</span> <span class='ocrx_word' id='word_1_253' title='bbox 1365 2529 1486 2580; x_wconf 88' lang='lat' dir='ltr'>aula</span> <span class='ocrx_word' id='word_1_254' title='bbox 1530 2530 1821 2597; x_wconf 88' lang='lat' dir='ltr'>pulchritu-</span> 
     </span>
     <span class='ocr_line' id='line_1_34' title="bbox 174 2591 1951 2670; baseline 0.008 -28"><span class='ocrx_word' id='word_1_255' title='bbox 174 2591 316 2644; x_wconf 90' lang='lat' dir='ltr'>dinis</span> <span class='ocrx_word' id='word_1_256' title='bbox 362 2595 557 2648; x_wconf 86' lang='lat' dir='ltr'>nobilis</span> <span class='ocrx_word' id='word_1_257' title='bbox 597 2596 757 2665; x_wconf 73' lang='lat' dir='ltr'>Ilion,</span> <span class='ocrx_word' id='word_1_258' title='bbox 813 2598 875 2649; x_wconf 91' lang='lat' dir='ltr'>de</span> <span class='ocrx_word' id='word_1_259' title='bbox 927 2618 1031 2667; x_wconf 90' lang='lat' dir='ltr'>quo</span> <span class='ocrx_word' id='word_1_260' title='bbox 1079 2601 1345 2653; x_wconf 87' lang='lat' dir='ltr'>mirabilia</span> <span class='ocrx_word' id='word_1_261' title='bbox 1385 2602 1598 2670; x_wconf 86' lang='lat' dir='ltr'>scripsit</span> <span class='ocrx_word' id='word_1_262' title='bbox 1635 2601 1820 2656; x_wconf 79' lang='lat' dir='ltr'>Dares,</span> <span class='ocrx_word' id='word_1_263' title='bbox 1871 2650 1874 2651; x_wconf 19' lang='lat'><em>⁷</em></span> <span class='ocrx_word' id='word_1_264' title='bbox 1942 2619 1951 2658; x_wconf 68' lang='grc' dir='ltr'>ἐξ</span> 
     </span>
     <span class='ocr_line' id='line_1_35' title="bbox 173 2662 1819 2729; baseline 0.008 -14"><span class='ocrx_word' id='word_1_265' title='bbox 173 2662 326 2717; x_wconf 85' lang='lat' dir='ltr'>Dixit</span> <span class='ocrx_word' id='word_1_266' title='bbox 376 2669 516 2719; x_wconf 91' lang='lat' dir='ltr'>enim</span> <span class='ocrx_word' id='word_1_267' title='bbox 568 2688 685 2721; x_wconf 88' lang='lat' dir='ltr'>eam</span> <span class='ocrx_word' id='word_1_268' title='bbox 734 2670 900 2722; x_wconf 87' lang='lat' dir='ltr'>fuisse</span> <span class='ocrx_word' id='word_1_269' title='bbox 950 2674 1187 2724; x_wconf 88' lang='lat' dir='ltr'>totaliter</span> <span class='ocrx_word' id='word_1_270' title='bbox 1236 2674 1540 2726; x_wconf 86' lang='lat' dir='ltr'>institutam</span> <span class='ocrx_word' id='word_1_271' title='bbox 1591 2675 1653 2727; x_wconf 89' lang='lat' dir='ltr'>de</span> <span class='ocrx_word' id='word_1_272' title='bbox 1692 2676 1819 2729; x_wconf 85' lang='lat' dir='ltr'>duo-</span> 
     </span>
     <span class='ocr_line' id='line_1_36' title="bbox 172 2736 1819 2814; baseline 0.008 -26"><span class='ocrx_word' id='word_1_273' title='bbox 172 2736 345 2790; x_wconf 89' lang='lat' dir='ltr'>decim</span> <span class='ocrx_word' id='word_1_274' title='bbox 406 2741 673 2808; x_wconf 86' lang='lat' dir='ltr'>lapidibus</span> <span class='ocrx_word' id='word_1_275' title='bbox 739 2744 1023 2797; x_wconf 81' lang='lat' dir='ltr'>alabastri“</span> <span class='ocrx_word' id='word_1_276' title='bbox 1075 2751 1159 2798; x_wconf 78' lang='lat' dir='ltr'>etc.</span> <span class='ocrx_word' id='word_1_277' title='bbox 1259 2745 1487 2814; x_wconf 77' lang='lat' dir='ltr'>Copiose</span> <span class='ocrx_word' id='word_1_278' title='bbox 1540 2748 1672 2800; x_wconf 87' lang='lat' dir='ltr'>haec</span> <span class='ocrx_word' id='word_1_279' title='bbox 1733 2767 1819 2801; x_wconf 85' lang='lat' dir='ltr'>ex-</span> 
     </span>
     <span class='ocr_line' id='line_1_37' title="bbox 175 2815 1818 2890; baseline 0.008 -29"><span class='ocrx_word' id='word_1_280' title='bbox 175 2815 450 2876; x_wconf 90' lang='lat' dir='ltr'>ponuntur</span> <span class='ocrx_word' id='word_1_281' title='bbox 489 2833 520 2865; x_wconf 88' lang='lat' dir='ltr'>a</span> <span class='ocrx_word' id='word_1_282' title='bbox 543 2815 833 2870; x_wconf 88' lang='lat' dir='ltr'>Benedicto</span> <span class='ocrx_word' id='word_1_283' title='bbox 859 2818 929 2886; x_wconf 77' lang='lat' dir='ltr'>(v.</span> <span class='ocrx_word' id='word_1_284' title='bbox 958 2819 1172 2887; x_wconf 82' lang='grc'><strong>11600).</strong></span> <span class='ocrx_word' id='word_1_285' title='bbox 1198 2818 1439 2889; x_wconf 89' lang='lat' dir='ltr'>Denique</span> <span class='ocrx_word' id='word_1_286' title='bbox 1465 2821 1619 2873; x_wconf 87' lang='lat' dir='ltr'>initio</span> <span class='ocrx_word' id='word_1_287' title='bbox 1657 2822 1818 2890; x_wconf 81' lang='lat' dir='ltr'>„noni</span> 
     </span>
     <span class='ocr_line' id='line_1_38' title="bbox 172 2881 1816 2962; baseline 0.009 -29"><span class='ocrx_word' id='word_1_288' title='bbox 172 2881 333 2934; x_wconf 83' lang='lat' dir='ltr'>belli“</span> <span class='ocrx_word' id='word_1_289' title='bbox 377 2886 434 2936; x_wconf 89' lang='lat' dir='ltr'>in</span> <span class='ocrx_word' id='word_1_290' title='bbox 481 2887 826 2942; x_wconf 87' lang='lat' dir='ltr'>describenda</span> <span class='ocrx_word' id='word_1_291' title='bbox 873 2909 934 2943; x_wconf 91' lang='lat' dir='ltr'>ea</span> <span class='ocrx_word' id='word_1_292' title='bbox 979 2910 1162 2961; x_wconf 89' lang='lat' dir='ltr'>pugna</span> <span class='ocrx_word' id='word_1_293' title='bbox 1213 2912 1372 2961; x_wconf 90' lang='lat' dir='ltr'>quam</span> <span class='ocrx_word' id='word_1_294' title='bbox 1410 2893 1654 2946; x_wconf 89' lang='lat' dir='ltr'>Priamus</span> <span class='ocrx_word' id='word_1_295' title='bbox 1699 2894 1816 2962; x_wconf 84' lang='lat' dir='ltr'>ipse</span> 
     </span>
     <span class='ocr_line' id='line_1_39' title="bbox 169 2955 1816 3036; baseline 0.009 -31"><span class='ocrx_word' id='word_1_296' title='bbox 169 2955 241 3005; x_wconf 73' lang='lat' dir='ltr'>a‘d</span> <span class='ocrx_word' id='word_1_297' title='bbox 279 2956 564 3012; x_wconf 86' lang='lat' dir='ltr'>Hectorem</span> <span class='ocrx_word' id='word_1_298' title='bbox 604 2963 964 3016; x_wconf 86' lang='lat' dir='ltr'>ulciscendum</span> <span class='ocrx_word' id='word_1_299' title='bbox 1002 2966 1236 3018; x_wconf 88' lang='lat' dir='ltr'>instituit</span> <span class='ocrx_word' id='word_1_300' title='bbox 1265 2967 1514 3035; x_wconf 88' lang='lat' dir='ltr'>legimus:</span> <span class='ocrx_word' id='word_1_301' title='bbox 1552 2966 1656 3036; x_wconf 83' lang='lat' dir='ltr'>„Et</span> <span class='ocrx_word' id='word_1_302' title='bbox 1680 2967 1816 3030; x_wconf 84' lang='lat' dir='ltr'>sicut</span> 
     </span>
    </p>
   </div>
  </div>
 </body>
</html>
