1956 3178
566 117 752 160 meum
780 116 1032 160 'raoum
1060 116 1178 158 Lm.
1209 116 1270 158 11.
1658 116 1725 168 21

110 242 379 312 spondens
417 242 655 311 ipsorum
681 241 861 310 potius
886 242 963 294 ait
988 242 1146 310 culpa
1181 241 1399 310 factum,
1428 241 1571 310 quod
1598 243 1727 294 ami-

109 313 349 366 cissimos
388 316 442 366 et
478 313 690 365 iunctos
728 311 830 364 sibi
867 312 1080 381 generis
1105 312 1381 365 adfinitate
1419 329 1589 382 regno
1628 331 1725 366 suo

111 383 364 452 adpulsos
412 382 765 453 ignoraverit:
822 383 1243 450 praemittendos
1290 383 1489 436 etenim
1543 383 1725 452 fuisse,

30 460 33 461 ’
108 472 204 523 per
229 472 364 524 quos
390 453 609 524 cognito
635 471 820 506 eorum
846 453 1081 505 adventu
1107 454 1321 507 obviam
1351 454 1429 506 ire
1454 454 1727 524 gratulan-

107 528 217 578 tem
244 523 542 593 oportuerit
565 528 724 593 atque
751 523 919 576 amice
946 523 1183 592 hospitio
1210 528 1453 592 receptos
1478 526 1728 578 donatos·
1749 540 1770 573 5

24 595 29 612 ²
112 613 214 664 que
232 594 559 663 muneribuS,
585 612 704 646 cum
728 594 1067 647 commodum
1087 595 1217 663 ipsis
1239 595 1525 664 videretur,
1550 596 1730 649 remit-

112 669 241 718 tere.
305 668 540 717 ceterum
564 664 813 717 militiam
850 664 1131 718 adversum
1156 665 1431 719 Priamum
1458 684 1727 719 recusare:

108 734 421 804 Astyochen
447 736 590 788 euim
616 735 816 789 Priami
853 735 1092 788 iunctam
1130 736 1234 788 sibi
1260 737 1623 806 matrimonio,
1663 756 1728 790 ex

111 824 217 875 qua
240 805 549 877 Eurypylus
587 806 802 876 genitus
840 807 1166 859 artissimum
1202 806 1494 860 adfinitatis
1530 808 1729 878 pignus

106 875 471 929 intercederet.
515 876 637 928 dein
662 894 889 945 propere
914 877 1281 946 popularibuS,
1310 879 1389 931 uti
1415 879 1481 931 ab
1508 879 1725 948 incepto
1753 894 1792 926 ιο

107 946 436 1015 desisterent,
475 948 715 999 nuntiari
750 947 924 1000 iubet:
964 952 1124 1017 atque
1162 949 1238 1001 ita
1266 950 1466 1002 nostris
1503 949 1727 1002 liberam

107 1017 410 1085 egrediendi
434 1018 661 1070 navibus
686 1021 1006 1086 potestatem
1040 1019 1321 1088 permittit.
1385 1019 1727 1088 Tlepolemus

107 1092 162 1140 et
198 1088 291 1157 qui
328 1106 448 1140 cum
495 1107 558 1141 eo
609 1092 867 1141 venerant
909 1088 1186 1158 Eurypylo
1232 1090 1520 1142 traduntur
1564 1090 1728 1159 hique

106 1158 357 1227 perfectis
395 1177 529 1227 quae
569 1159 848 1228 cupierant
885 1159 952 1211 ad
996 1178 1160 1212 naves
1203 1165 1439 1230 pergunt
1475 1162 1728 1214 nuntian-

106 1236 186 1281 tes
233 1230 629 1298 Agamemnoni
675 1248 737 1281 ac
774 1230 994 1298 reliquis
1031 1231 1247 1300 regibus
1284 1249 1469 1300 pacem
1508 1250 1726 1285 concor·
1751 1246 1791 1277 15

108 1299 355 1368 diamque
394 1317 514 1352 cum
552 1299 807 1369 Telepho,

248 1369 342 1423 VI.
419 1368 565 1431 Quae
603 1370 695 1422 ubi
733 1388 1007 1439 accepere,
1058 1375 1375 1439 apparatum
1418 1373 1550 1436 belli
1598 1373 1726 1426 laeti

106 1441 380 1493 omittunt.
467 1440 590 1493 dein
639 1459 703 1493 ex
750 1441 961 1494 consilii
1008 1443 1274 1495 sententia
1323 1443 1559 1496 Achilles
1607 1462 1728 1496 cum

105 1510 268 1563 Aiace
324 1510 390 1563 ad
446 1510 743 1580 Telephum
797 1530 1116 1580 pervenere,
1184 1531 1410 1582 eumque
1466 1515 1726 1567 iactatum

104 1581 314 1650 magnis
342 1581 614 1634 doloribus
654 1583 933 1649 consolati,
974 1586 1033 1634 ut
1059 1583 1287 1636 viriliter
1323 1585 1725 1638 incommodum
1747 1601 1789 1632 20

103 1651 269 1704 ferret
306 1651 742 1720 deprecabantur.
818 1658 874 1705 at
910 1653 1205 1722 Telephus,
1259 1654 1352 1707 ubi
1389 1655 1726 1724 aliquantum

104 1723 313 1789 requies
354 1721 553 1775 doloris
591 1724 977 1792 intercesserat,
1011 1722 1243 1777 Graecos
1282 1725 1542 1795 incusare,
1583 1727 1727 1795 quod

103 1810 172 1845 ne
202 1793 453 1845 nuntium
479 1793 694 1867 quidem
719 1794 978 1847 adventus
1017 1795 1099 1846 sui
1123 1796 1541 1863 praemisissent.
1599 1797 1725 1850 dein

104 1867 468 1931 percontatur,
507 1864 726 1933 quinam
765 1869 819 1917 et
855 1865 1043 1934 quanti
1069 1864 1360 1934 Pelopidae
1399 1867 1457 1919 in
1496 1886 1558 1920 ea
1588 1868 1727 1920 mili-

103 1933 181 1986 tia
217 1938 394 1986 essent
431 1934 723 2003 doctusque
760 1936 943 1988 multis
985 1936 1233 2004 precibus
1271 1941 1416 2005 orat,
1467 1942 1528 1990 ut
1565 1938 1631 1990 ad
1670 1957 1724 1991 se
1748 1952 1790 1985 25

106 2021 291 2056 omnes
328 2006 567 2058 veniant.
642 2009 771 2058 tunc
808 2007 982 2060 nostri
1019 2006 1258 2059 facturos
1295 2025 1352 2059 se
1391 2025 1526 2076 quae
1565 2008 1729 2061 vellet

102 2074 330 2142 polliciti
367 2074 686 2128 desiderium
722 2077 865 2146 regis
905 2076 1125 2145 reliquis
1162 2078 1495 2131 nuntiavere.
1559 2079 1727 2133 ioitur

106 2161 290 2197 omnes
335 2144 624 2214 Pelopidae
673 2150 885 2214 praeter
932 2151 1395 2217 Agamemnonem
1444 2153 1497 2201 et
1606 2168 1726 2202 ene-

104 2214 249 2267 laum
286 2215 344 2267 in
380 2234 547 2267 unum
573 2218 885 2288 congregati
923 2219 990 2271 ad
1015 2217 1313 2286 Telephum
1339 2220 1565 2272 veniunt
1589 2221 1723 2272 mul-

102 2288 324 2354 tumque
361 2286 739 2355 gratulationis
787 2295 946 2358 atque
994 2289 1231 2341 laetitiae
1279 2291 1582 2358 praesentia
1630 2309 1726 2344 sua
1746 2306 1788 2337 30

103 2356 217 2425 regi
266 2356 532 2423 optulere:
583 2375 644 2409 ac
693 2358 882 2411 deinde
929 2360 1239 2412 muneribus
1283 2361 1505 2431 largiter
1541 2361 1726 2414 donati

44 2438 54 2444 “
102 2423 337 2494 hospitio
385 2428 730 2496 recipiuntur.
815 2448 988 2499 neque
1037 2434 1222 2483 tamen
1269 2431 1423 2484 miles
1472 2431 1726 2501 reliqum,

104 2497 196 2564 qui
253 2497 396 2565 apud
448 2516 612 2551 naves
668 2504 806 2569 erat,
872 2502 1270 2554 munificentiae
1333 2502 1474 2571 regis
1537 2520 1726 2571 expers

27 2611 29 2613 .
101 2566 231 2635 fuit,
278 2585 510 2636 namque
559 2587 622 2621 ex
669 2588 893 2624 numero
942 2573 1161 2624 navium
1218 2572 1548 2625 frumentum
1600 2573 1725 2626 alia-

216 2796 241 2835 5
273 2794 480 2848 hospicio
523 2797 558 2837 G
645 2799 670 2838 6
709 2787 856 2852 ip'sius
892 2799 970 2840 GB
1058 2801 1084 2840 8
1118 2799 1357 2840 astioehen
1391 2801 1426 2842 G
1542 2802 1566 2841 9
1597 2813 1726 2853 eury-

101 2849 222 2904 pilus
255 2850 290 2892 G
414 2853 468 2893 23
514 2854 823 2906 praemissent
866 2856 902 2897 G
1017 2857 1070 2895 27
1110 2855 1340 2898 desiderio
1383 2856 1441 2898 G¹
1562 2858 1615 2898 32
1648 2857 1726 2898 ho·

103 2907 246 2959 spicio
281 2906 360 2948 GB
387 2907 392 2960 l
420 2909 653 2962 recipiunt
686 2910 734 2951 G.
