1956 3178
273 109 341 163 68
781 112 1003 155 DICTYS
1036 111 1374 162 ORETENSIS

271 236 427 306 igat‘?
479 254 578 307 ego
629 237 844 305 quidem
889 238 1078 290 aetatis
1123 241 1247 291 tuae
1294 239 1747 308 contemplatione
1803 244 1882 294 at-

272 324 375 375 que
401 307 594 359 horum
628 325 848 375 precum
873 308 1095 360 cadaver
1119 309 1396 361 restituam
1421 327 1595 378 neque
1625 329 1881 380 umquam

274 378 631 444 committam,
689 382 750 430 ut
806 378 949 446 quod
1005 379 1063 430 in
1119 379 1365 432 hostibus
1413 380 1921 451 comprehenditun

273 447 474 500 crimen
513 448 750 500 malitiae
787 448 901 516 ipse
940 450 1208 503 subeam“.

228 534 249 565 5
413 517 612 570 XXVI.
687 518 774 570 Ad
823 536 884 570 ea
927 519 1172 571 Priamus
1230 526 1487 573 renovato
1536 521 1664 573 fletu
1719 539 1879 590 quam

270 588 562 640 miserabili
610 606 723 640 non
778 589 893 641 sine
950 589 1161 642 decreto
1209 590 1390 642 divum
1437 590 1658 643 adversa
1708 591 1879 644 homi-

271 658 429 710 nibus
476 659 676 710 irruere
733 660 834 711 ait:
891 659 1047 712 deum
1095 661 1292 728 quippe
1338 664 1608 713 auctorem
1653 661 1878 730 singulis

269 729 585 780 mortalibus
630 729 761 781 boni
798 730 1032 799 malique
1071 748 1183 782 esse
1227 748 1400 799 neque
1438 731 1615 800 quoad
1662 732 1879 784 beatum

270 816 383 850 esse
420 798 627 850 licitum
667 800 758 867 sit,
799 801 1113 868 cuiusquam
1150 801 1209 852 in
1246 819 1366 853 eum
1401 802 1511 853 vim
1547 801 1878 854 inimicitias-

206 883 247 915 10
271 886 373 936 que
410 869 713 937 procedere.
789 873 1022 922 ceterum
1061 889 1115 922 se
1162 871 1357 925 diversi
1393 875 1579 939 partus
1616 872 1878 940 quinqua-

269 939 420 1004 ginta
465 939 699 991 filiorum
745 943 953 1008 patrem
1008 941 1373 993 beatissimum
1410 959 1597 1010 regum
1635 943 1875 994 omnium

267 1008 513 1060 habitum
579 1009 645 1060 ad
702 1013 1031 1077 postremum
1078 1011 1371 1063 Alexandri
1428 1012 1662 1064 natalem
1719 1011 1874 1080 diem,

268 1096 427 1146 quem
466 1079 655 1131 evitari
691 1098 756 1131 ne
795 1080 874 1132 dis
913 1080 1127 1149 quidem
1152 1082 1583 1149 praecinentibus
1620 1083 1873 1150 potuisse.

265 1167 497 1217 namque
554 1149 831 1202 Hecubam
896 1150 1047 1203 foetu
1108 1169 1169 1203 eo
1218 1150 1494 1221 gravidam
1551 1151 1724 1204 facem
1780 1169 1876 1220 per

203 1232 245 1264 15
268 1219 502 1287 quietem
540 1219 762 1272 edidisse
800 1221 985 1289 visam,
1025 1222 1173 1273 cuius
1211 1221 1426 1291 ignibus
1464 1221 1875 1292 conflagravisse

265 1289 416 1341 Idam
463 1307 523 1341 ac
573 1308 699 1342 mox
746 1292 1094 1343 continuante
1132 1292 1346 1343 flamma
1393 1292 1613 1344 deorum
1656 1291 1876 1344 delubra

267 1360 595 1412 concremari
631 1378 949 1429 omnemque
977 1363 1189 1413 demum
1225 1363 1291 1413 ad
1327 1362 1531 1414 cineres
1566 1362 1875 1430 conlapsam

267 1430 538 1482 civitatem
564 1430 780 1483 intactis
805 1431 1182 1500 inviolatisque
1208 1433 1500 1484 Antenoris
1527 1437 1580 1484 et
1604 1432 1873 1485 Anchisae
1941 1496 1952 1507 ι

267 1499 527 1552 domibus
604 1518 739 1568 quae
778 1501 1090 1554 denuntiata
1127 1520 1247 1553 cum
1284 1502 1351 1554 ad
1375 1503 1666 1570 perniciem
1701 1503 1873 1570 publi-

203 1584 247 1615 20
268 1587 385 1622 cam
411 1574 690 1638 expectare
725 1572 995 1639 aruspices
1021 1572 1406 1640 praecinerent,
1433 1573 1872 1624 internecandum

267 1640 469 1692 editum
515 1644 728 1708 partum
783 1642 1060 1709 placuisse.
1145 1643 1236 1694 sed
1282 1642 1558 1694 Hecubam
1604 1660 1752 1695 more
1797 1642 1874 1695 fe-

264 1711 443 1762 mineo
494 1711 852 1763 miserationis
911 1712 1049 1763 clam
1098 1712 1347 1764 alendum
1394 1713 1698 1780 pastoribus
1746 1711 1871 1765 Idae

263 1780 567 1832 tradidisse:
608 1799 728 1832 eum
767 1781 874 1833 iam
913 1782 1174 1850 adultum,
1225 1800 1345 1834 cum
1382 1800 1465 1834 res
1501 1783 1678 1850 palam
1717 1786 1869 1850 esset,

263 1868 332 1902 ne
379 1850 590 1902 hostem
640 1851 854 1918 quidem
901 1853 1143 1920 quamvis
1191 1853 1555 1904 saevissimum
1612 1856 1674 1904 ut
1709 1853 1871 1904 inter-

200 1934 242 1966 25
264 1921 445 1972 ficeret
490 1921 604 1988 pati
640 1922 902 1989 potuisse:
940 1925 1121 1974 tantae
1160 1922 1360 1974 scilicet
1396 1923 1559 1974 fuisse
1599 1941 1720 1974 eum
1754 1923 1870 1991 pul-

265 1990 582 2042 chritudinis
637 1994 797 2059 atque
851 1991 1070 2044 formae.
1156 2010 1314 2060 quem
1372 1993 1623 2061 coniugio
1681 1992 1869 2044 deinde

265 2060 519 2112 Oenonae
556 2062 799 2113 iunctum
826 2063 1128 2130 cupidinem
1154 2063 1353 2130 cepisse
1379 2063 1585 2114 visendi
1622 2063 1868 2131 regiones

264 2133 423 2198 atque
470 2147 637 2199 regna
699 2132 888 2198 procul
944 2133 1134 2200 posita.
1227 2150 1289 2184 eo
1347 2133 1537 2184 itinere
1585 2132 1867 2184 abductam

262 2200 526 2252 Helenam
562 2204 825 2270 urguente
863 2205 1021 2269 atque
1060 2203 1352 2271 instigante
1379 2203 1610 2270 quodam
1645 2202 1865 2254 numine

199 2285 241 2316 30
265 2273 578 2323 cunctorum
617 2271 811 2322 civium
826 2271 1050 2339 fanimiS,
1090 2273 1191 2323 sibi
1230 2273 1389 2324 etiam
1427 2273 1660 2324 laetitiae
1685 2272 1865 2339 fuisse,
1924 2275 1956 2307 ³

379 2415 432 2454 18
465 2413 622 2454 Tzetz.
654 2413 894 2454 Antehom.
930 2414 1022 2453 162.
1057 2415 1151 2454 163.

377 2541 402 2578 2
433 2539 593 2578 harum
633 2541 735 2580 edit.
775 2541 914 2590 princ.
1048 2541 1073 2579 8
1115 2539 1232 2592 quod
1275 2540 1351 2580 GB
1419 2540 1565 2592 quoad
1603 2541 1723 2580 editt.
1766 2545 1864 2583 vett.

263 2595 337 2634 cui
376 2596 441 2636 ed.
487 2594 583 2634 Obr.
702 2597 753 2634 12
794 2595 852 2634 ad
882 2597 982 2636 add.
1022 2597 1065 2635 P
1178 2597 1228 2636 17
1262 2596 1439 2635 domum
1473 2596 1551 2636 ΕΒ
1619 2595 1798 2635 demum
1828 2596 1868 2635 P

265 2651 317 2690 19
357 2649 672 2690 denuntiatum
709 2651 786 2691 GB
853 2651 1124 2691 denunciata
1157 2653 1198 2691 P
1327 2654 1380 2692 20
1423 2656 1591 2702 vulgata
1635 2653 1757 2691 lectio
1787 2656 1866 2691 -est
1905 2668 1913 2674 ·

263 2710 473 2758 spectare
604 2709 655 2746 21
698 2707 923 2747 femineae
962 2708 1004 2746 P
1123 2709 1176 2746 22
1215 2708 1263 2746 111
1308 2707 1352 2747 id
1398 2707 1560 2747 dext-ra
1609 2707 1788 2747 dedisse
1829 2707 1864 2747 G

261 2764 304 2801 in
333 2764 520 2813 marqine
581 2763 684 2802 idae
715 2762 984 2813 tradidisse,
1025 2763 1072 2802 in
1109 2762 1154 2802 id
1192 2763 1398 2803 dextram
1435 2763 1614 2804 dedisse
1653 2762 1692 2802 B
1809 2763 1863 2803 27

263 2818 428 2858 oenoni
462 2818 496 2858 G
555 2817 773 2859 Oenonae
806 2821 872 2860 ed.
911 2820 1059 2862 Venet.
1091 2816 1240 2872 (1499)
1347 2821 1401 2860 29
1421 2823 1689 2872 urguentem
1719 2830 1762 2858 a.
1794 2819 1862 2858 in-

261 2874 515 2925 stigantem
549 2873 627 2914 GB
657 2880 842 2914 nostrum
873 2876 913 2914 P
