<?xml version="1.0" encoding="UTF-8"?>
<!DOCTYPE html PUBLIC "-//W3C//DTD XHTML 1.0 Transitional//EN"
    "http://www.w3.org/TR/xhtml1/DTD/xhtml1-transitional.dtd">
<html xmlns="http://www.w3.org/1999/xhtml" xml:lang="en" lang="en">
 <head>
  <title>
</title>
<meta http-equiv="Content-Type" content="text/html;charset=utf-8" />
  <meta name='ocr-system' content='tesseract 3.04.00' />
  <meta name='ocr-capabilities' content='ocr_page ocr_carea ocr_par ocr_line ocrx_word'/>
</head>
<body>
  <div class='ocr_page' id='page_1' title='image "./dictyscretensise00dictuoft_0032.png"; bbox 0 0 1956 3178; ppageno 0'>
   <div class='ocr_carea' id='block_1_1' title="bbox 1668 0 1956 72">
    <p class='ocr_par' dir='ltr' id='par_1_1' title="bbox 1668 0 1956 72">
     <span class='ocr_line' id='line_1_1' title="bbox 1671 0 1956 36; baseline -0.004 -12"><span class='ocrx_word' id='word_1_1' title='bbox 1671 0 1706 24; x_wconf 45' lang='grc' dir='ltr'>’ἦ</span> <span class='ocrx_word' id='word_1_2' title='bbox 1751 0 1886 36; x_wconf 49' lang='grc' dir='ltr'>’.ιῖιξῗέῑῖζ</span> <span class='ocrx_word' id='word_1_3' title='bbox 1926 0 1956 15; x_wconf 37' lang='grc' dir='ltr'>ν)</span> 
     </span>
     <span class='ocr_line' id='line_1_2' title="bbox 1668 0 1956 72; baseline 0 -6"><span class='ocrx_word' id='word_1_4' title='bbox 1668 47 1674 52; x_wconf 82' lang='lat'><em>.</em></span> <span class='ocrx_word' id='word_1_5' title='bbox 1756 40 1758 45; x_wconf 65' lang='lat'>,</span> <span class='ocrx_word' id='word_1_6' title='bbox 1815 0 1956 72; x_wconf 55' lang='lat' dir='ltr'>*a</span> 
     </span>
    </p>
   </div>
   <div class='ocr_carea' id='block_1_2' title="bbox 223 124 1318 183">
    <p class='ocr_par' dir='ltr' id='par_1_2' title="bbox 223 124 1318 183">
     <span class='ocr_line' id='line_1_3' title="bbox 223 124 1318 183; baseline -0.003 -12"><span class='ocrx_word' id='word_1_7' title='bbox 223 131 288 183; x_wconf 87' lang='lat'>10</span> <span class='ocrx_word' id='word_1_8' title='bbox 730 127 948 169; x_wconf 73' lang='lat' dir='ltr'>morrs</span> <span class='ocrx_word' id='word_1_9' title='bbox 983 124 1318 168; x_wconf 68' lang='lat' dir='ltr'>ORETENffls</span> 
     </span>
    </p>
   </div>
   <div class='ocr_carea' id='block_1_3' title="bbox 159 249 1929 2419">
    <p class='ocr_par' dir='ltr' id='par_1_3' title="bbox 159 249 1929 2419">
     <span class='ocr_line' id='line_1_4' title="bbox 219 249 1827 319; baseline -0.005 -10"><span class='ocrx_word' id='word_1_10' title='bbox 219 255 674 309; x_wconf 88' lang='lat' dir='ltr'>Lacedaemonam</span> <span class='ocrx_word' id='word_1_11' title='bbox 720 253 967 319; x_wconf 86' lang='lat' dir='ltr'>redeunt,</span> <span class='ocrx_word' id='word_1_12' title='bbox 1018 251 1080 303; x_wconf 93' lang='lat' dir='ltr'>de</span> <span class='ocrx_word' id='word_1_13' title='bbox 1119 249 1327 302; x_wconf 79' lang='lat' dir='ltr'>Helena</span> <span class='ocrx_word' id='word_1_14' title='bbox 1375 250 1592 318; x_wconf 89' lang='lat' dir='ltr'>eiusque</span> <span class='ocrx_word' id='word_1_15' title='bbox 1640 249 1827 302; x_wconf 85' lang='lat' dir='ltr'>volun-</span> 
     </span>
     <span class='ocr_line' id='line_1_5' title="bbox 219 319 1827 392; baseline -0.005 -13"><span class='ocrx_word' id='word_1_16' title='bbox 219 330 329 379; x_wconf 89' lang='lat' dir='ltr'>tate</span> <span class='ocrx_word' id='word_1_17' title='bbox 366 328 603 392; x_wconf 87' lang='lat' dir='ltr'>narrant,</span> <span class='ocrx_word' id='word_1_18' title='bbox 643 324 767 375; x_wconf 90' lang='lat' dir='ltr'>dein</span> <span class='ocrx_word' id='word_1_19' title='bbox 791 321 994 375; x_wconf 81' lang='lat' dir='ltr'>Priami</span> <span class='ocrx_word' id='word_1_20' title='bbox 1029 321 1367 389; x_wconf 86' lang='lat' dir='ltr'>filiorumque</span> <span class='ocrx_word' id='word_1_21' title='bbox 1406 320 1518 373; x_wconf 87' lang='lat' dir='ltr'>eius</span> <span class='ocrx_word' id='word_1_22' title='bbox 1547 319 1827 372; x_wconf 84' lang='lat' dir='ltr'>adversum</span> 
     </span>
     <span class='ocr_line' id='line_1_6' title="bbox 220 389 1829 464; baseline -0.005 -15"><span class='ocrx_word' id='word_1_23' title='bbox 220 415 274 449; x_wconf 93' lang='lat' dir='ltr'>se</span> <span class='ocrx_word' id='word_1_24' title='bbox 331 397 470 448; x_wconf 90' lang='lat' dir='ltr'>dicta</span> <span class='ocrx_word' id='word_1_25' title='bbox 528 397 807 464; x_wconf 73' lang='lat' dir='ltr'>gestaque:</span> <span class='ocrx_word' id='word_1_26' title='bbox 867 391 1066 462; x_wconf 83' lang='lat' dir='ltr'>grande</span> <span class='ocrx_word' id='word_1_27' title='bbox 1124 391 1468 459; x_wconf 88' lang='lat' dir='ltr'>praeconium</span> <span class='ocrx_word' id='word_1_28' title='bbox 1520 389 1647 442; x_wconf 82' lang='lat' dir='ltr'>fidei</span> <span class='ocrx_word' id='word_1_29' title='bbox 1691 405 1829 459; x_wconf 50' lang='lat' dir='ltr'>*erga</span> 
     </span>
     <span class='ocr_line' id='line_1_7' title="bbox 221 461 1827 536; baseline -0.004 -17"><span class='ocrx_word' id='word_1_30' title='bbox 221 467 425 536; x_wconf 86' lang='lat' dir='ltr'>leg&#39;atos</span> <span class='ocrx_word' id='word_1_31' title='bbox 462 465 754 517; x_wconf 81' lang='lat' dir='ltr'>Antenoris</span> <span class='ocrx_word' id='word_1_32' title='bbox 800 461 1176 531; x_wconf 70' lang='lat' dir='ltr'>praeferentes</span> <span class='ocrx_word' id='word_1_33' title='bbox 1252 479 1385 529; x_wconf 89' lang='lat' dir='ltr'>quae</span> <span class='ocrx_word' id='word_1_34' title='bbox 1433 461 1527 513; x_wconf 88' lang='lat' dir='ltr'>ubi</span> <span class='ocrx_word' id='word_1_35' title='bbox 1564 473 1827 528; x_wconf 64' lang='lat' dir='ltr'>accepere,</span> 
     </span>
     <span class='ocr_line' id='line_1_8' title="bbox 180 529 1828 604; baseline -0.004 -15"><span class='ocrx_word' id='word_1_36' title='bbox 180 555 199 588; x_wconf 80' lang='lat'><strong>5</strong></span> <span class='ocrx_word' id='word_1_37' title='bbox 223 536 546 603; x_wconf 69' lang='lat' dir='ltr'>decernitur,</span> <span class='ocrx_word' id='word_1_38' title='bbox 595 535 674 586; x_wconf 89' lang='lat' dir='ltr'>uti</span> <span class='ocrx_word' id='word_1_39' title='bbox 722 533 921 604; x_wconf 81' lang='lat' dir='ltr'>singuli</span> <span class='ocrx_word' id='word_1_40' title='bbox 966 533 1023 583; x_wconf 91' lang='lat' dir='ltr'>in</span> <span class='ocrx_word' id='word_1_41' title='bbox 1071 532 1178 584; x_wconf 86' lang='lat' dir='ltr'>suis</span> <span class='ocrx_word' id='word_1_42' title='bbox 1225 532 1356 584; x_wconf 87' lang='lat' dir='ltr'>locis</span> <span class='ocrx_word' id='word_1_43' title='bbox 1394 535 1552 599; x_wconf 90' lang='lat' dir='ltr'>atque</span> <span class='ocrx_word' id='word_1_44' title='bbox 1591 529 1828 599; x_wconf 76' lang='lat' dir='ltr'>imperiis</span> 
     </span>
     <span class='ocr_line' id='line_1_9' title="bbox 222 601 1830 675; baseline -0.005 -15"><span class='ocrx_word' id='word_1_45' title='bbox 222 624 348 675; x_wconf 89' lang='lat' dir='ltr'>opes</span> <span class='ocrx_word' id='word_1_46' title='bbox 396 605 525 658; x_wconf 85' lang='lat' dir='ltr'>belli</span> <span class='ocrx_word' id='word_1_47' title='bbox 570 607 775 673; x_wconf 89' lang='lat' dir='ltr'>parent.</span> <span class='ocrx_word' id='word_1_48' title='bbox 851 603 1018 672; x_wconf 88' lang='lat' dir='ltr'>igitur</span> <span class='ocrx_word' id='word_1_49' title='bbox 1065 619 1129 653; x_wconf 90' lang='lat' dir='ltr'>ex</span> <span class='ocrx_word' id='word_1_50' title='bbox 1175 601 1383 654; x_wconf 88' lang='lat' dir='ltr'>consilii</span> <span class='ocrx_word' id='word_1_51' title='bbox 1430 601 1694 653; x_wconf 85' lang='lat' dir='ltr'>sententia</span> <span class='ocrx_word' id='word_1_52' title='bbox 1739 618 1830 668; x_wconf 91' lang='lat' dir='ltr'>op-</span> 
     </span>
     <span class='ocr_line' id='line_1_10' title="bbox 219 670 1829 746; baseline -0.004 -17"><span class='ocrx_word' id='word_1_53' title='bbox 219 681 483 746; x_wconf 89' lang='lat' dir='ltr'>portunus</span> <span class='ocrx_word' id='word_1_54' title='bbox 520 676 668 727; x_wconf 86' lang='lat' dir='ltr'>locus</span> <span class='ocrx_word' id='word_1_55' title='bbox 695 674 761 726; x_wconf 91' lang='lat' dir='ltr'>ad</span> <span class='ocrx_word' id='word_1_56' title='bbox 787 672 1227 739; x_wconf 86' lang='lat' dir='ltr'>conveniendum,</span> <span class='ocrx_word' id='word_1_57' title='bbox 1266 675 1319 724; x_wconf 91' lang='lat' dir='ltr'>et</span> <span class='ocrx_word' id='word_1_58' title='bbox 1354 672 1412 723; x_wconf 92' lang='lat' dir='ltr'>in</span> <span class='ocrx_word' id='word_1_59' title='bbox 1438 689 1543 739; x_wconf 93' lang='lat' dir='ltr'>quo</span> <span class='ocrx_word' id='word_1_60' title='bbox 1571 670 1829 739; x_wconf 40' lang='lat' dir='ltr'>dexappa-</span> 
     </span>
     <span class='ocr_line' id='line_1_11' title="bbox 220 740 1828 812; baseline -0.004 -13"><span class='ocrx_word' id='word_1_61' title='bbox 220 750 341 800; x_wconf 90' lang='lat' dir='ltr'>ratu</span> <span class='ocrx_word' id='word_1_62' title='bbox 368 746 494 798; x_wconf 89' lang='lat' dir='ltr'>belli</span> <span class='ocrx_word' id='word_1_63' title='bbox 520 764 550 797; x_wconf 92' lang='lat' dir='ltr'>a</span> <span class='ocrx_word' id='word_1_64' title='bbox 590 748 780 812; x_wconf 88' lang='lat' dir='ltr'>eretur,</span> <span class='ocrx_word' id='word_1_65' title='bbox 804 744 955 812; x_wconf 88' lang='lat' dir='ltr'>Argi,</span> <span class='ocrx_word' id='word_1_66' title='bbox 983 741 1257 795; x_wconf 87' lang='lat' dir='ltr'>Diomedis</span> <span class='ocrx_word' id='word_1_67' title='bbox 1282 759 1524 812; x_wconf 88' lang='lat' dir='ltr'>regnum,</span> <span class='ocrx_word' id='word_1_68' title='bbox 1561 740 1828 810; x_wconf 89' lang='lat' dir='ltr'>deligitur.</span> 
     </span>
     <span class='ocr_line' id='line_1_12' title="bbox 361 812 1831 881; baseline -0.004 -13"><span class='ocrx_word' id='word_1_69' title='bbox 361 815 508 868; x_wconf 90' lang='lat' dir='ltr'>XHI.</span> <span class='ocrx_word' id='word_1_70' title='bbox 598 818 652 867; x_wconf 88' lang='lat' dir='ltr'>ta</span> <span class='ocrx_word' id='word_1_71' title='bbox 699 815 790 866; x_wconf 86' lang='lat' dir='ltr'>ubi</span> <span class='ocrx_word' id='word_1_72' title='bbox 836 818 1046 881; x_wconf 89' lang='lat' dir='ltr'>tempus</span> <span class='ocrx_word' id='word_1_73' title='bbox 1092 813 1265 865; x_wconf 88' lang='lat' dir='ltr'>visum</span> <span class='ocrx_word' id='word_1_74' title='bbox 1313 816 1416 879; x_wconf 83' lang='lat' dir='ltr'>est,</span> <span class='ocrx_word' id='word_1_75' title='bbox 1471 812 1672 879; x_wconf 90' lang='lat' dir='ltr'>primus</span> <span class='ocrx_word' id='word_1_76' title='bbox 1722 828 1831 863; x_wconf 89' lang='lat' dir='ltr'>om-</span> 
     </span>
     <span class='ocr_line' id='line_1_13' title="bbox 159 881 1831 955; baseline -0.003 -18"><span class='ocrx_word' id='word_1_77' title='bbox 159 904 199 937; x_wconf 83' lang='lat'>10</span> <span class='ocrx_word' id='word_1_78' title='bbox 221 887 372 939; x_wconf 87' lang='lat' dir='ltr'>nium</span> <span class='ocrx_word' id='word_1_79' title='bbox 417 886 627 955; x_wconf 83' lang='lat' dir='ltr'>ingenti</span> <span class='ocrx_word' id='word_1_80' title='bbox 673 885 891 937; x_wconf 91' lang='lat' dir='ltr'>nomine</span> <span class='ocrx_word' id='word_1_81' title='bbox 938 883 1151 936; x_wconf 85' lang='lat' dir='ltr'>virtutis</span> <span class='ocrx_word' id='word_1_82' title='bbox 1200 886 1358 950; x_wconf 89' lang='lat' dir='ltr'>atque</span> <span class='ocrx_word' id='word_1_83' title='bbox 1406 883 1644 950; x_wconf 88' lang='lat' dir='ltr'>corporis</span> <span class='ocrx_word' id='word_1_84' title='bbox 1690 881 1831 933; x_wconf 83' lang='lat' dir='ltr'>Aiax</span> 
     </span>
     <span class='ocr_line' id='line_1_14' title="bbox 223 950 1831 1022; baseline -0.004 -13"><span class='ocrx_word' id='word_1_85' title='bbox 223 956 566 1009; x_wconf 86' lang='lat' dir='ltr'>Telamonius</span> <span class='ocrx_word' id='word_1_86' title='bbox 624 955 863 1022; x_wconf 84' lang='lat' dir='ltr'>advenit,</span> <span class='ocrx_word' id='word_1_87' title='bbox 921 972 1041 1007; x_wconf 90' lang='lat' dir='ltr'>cum</span> <span class='ocrx_word' id='word_1_88' title='bbox 1096 971 1157 1005; x_wconf 91' lang='lat' dir='ltr'>eo</span> <span class='ocrx_word' id='word_1_89' title='bbox 1211 953 1412 1004; x_wconf 86' lang='lat' dir='ltr'>Teucer</span> <span class='ocrx_word' id='word_1_90' title='bbox 1458 952 1650 1004; x_wconf 88' lang='lat' dir='ltr'>frater:</span> <span class='ocrx_word' id='word_1_91' title='bbox 1707 950 1831 1002; x_wconf 91' lang='lat' dir='ltr'>dein</span> 
     </span>
     <span class='ocr_line' id='line_1_15' title="bbox 221 1022 1831 1093; baseline -0.004 -14"><span class='ocrx_word' id='word_1_92' title='bbox 221 1027 365 1079; x_wconf 89' lang='lat' dir='ltr'>haud</span> <span class='ocrx_word' id='word_1_93' title='bbox 410 1026 579 1078; x_wconf 91' lang='lat' dir='ltr'>multo</span> <span class='ocrx_word' id='word_1_94' title='bbox 633 1029 756 1093; x_wconf 87' lang='lat' dir='ltr'>post</span> <span class='ocrx_word' id='word_1_95' title='bbox 801 1025 1115 1077; x_wconf 88' lang='lat' dir='ltr'>Idomeneus</span> <span class='ocrx_word' id='word_1_96' title='bbox 1173 1026 1226 1075; x_wconf 91' lang='lat' dir='ltr'>et</span> <span class='ocrx_word' id='word_1_97' title='bbox 1273 1022 1539 1075; x_wconf 90' lang='lat' dir='ltr'>Meriones</span> <span class='ocrx_word' id='word_1_98' title='bbox 1550 1063 1564 1090; x_wconf 90' lang='lat'>,</span> <span class='ocrx_word' id='word_1_99' title='bbox 1623 1039 1831 1073; x_wconf 88' lang='lat' dir='ltr'>summa</span> 
     </span>
     <span class='ocr_line' id='line_1_16' title="bbox 222 1091 1831 1162; baseline -0.004 -13"><span class='ocrx_word' id='word_1_100' title='bbox 222 1098 363 1149; x_wconf 89' lang='lat' dir='ltr'>inter</span> <span class='ocrx_word' id='word_1_101' title='bbox 400 1114 454 1149; x_wconf 90' lang='lat' dir='ltr'>se</span> <span class='ocrx_word' id='word_1_102' title='bbox 492 1096 661 1148; x_wconf 90' lang='lat' dir='ltr'>iuncti</span> <span class='ocrx_word' id='word_1_103' title='bbox 699 1094 997 1148; x_wconf 87' lang='lat' dir='ltr'>concordia.</span> <span class='ocrx_word' id='word_1_104' title='bbox 1063 1111 1246 1146; x_wconf 90' lang='lat' dir='ltr'>eorum</span> <span class='ocrx_word' id='word_1_105' title='bbox 1284 1109 1383 1162; x_wconf 90' lang='lat' dir='ltr'>ego</span> <span class='ocrx_word' id='word_1_106' title='bbox 1422 1095 1634 1144; x_wconf 87' lang='lat' dir='ltr'>secutus</span> <span class='ocrx_word' id='word_1_107' title='bbox 1671 1091 1831 1144; x_wconf 91' lang='lat' dir='ltr'>comi·</span> 
     </span>
     <span class='ocr_line' id='line_1_17' title="bbox 224 1162 1835 1233; baseline -0.004 -14"><span class='ocrx_word' id='word_1_108' title='bbox 224 1170 397 1219; x_wconf 86' lang='lat' dir='ltr'>tatum</span> <span class='ocrx_word' id='word_1_109' title='bbox 444 1184 506 1218; x_wconf 91' lang='lat' dir='ltr'>ea</span> <span class='ocrx_word' id='word_1_110' title='bbox 553 1166 790 1233; x_wconf 88' lang='lat' dir='ltr'>quidem,</span> <span class='ocrx_word' id='word_1_111' title='bbox 840 1182 975 1233; x_wconf 90' lang='lat' dir='ltr'>quae</span> <span class='ocrx_word' id='word_1_112' title='bbox 1031 1166 1188 1216; x_wconf 88' lang='lat' dir='ltr'>antea</span> <span class='ocrx_word' id='word_1_113' title='bbox 1244 1163 1385 1230; x_wconf 90' lang='lat' dir='ltr'>apud</span> <span class='ocrx_word' id='word_1_114' title='bbox 1422 1162 1637 1214; x_wconf 88' lang='lat' dir='ltr'>Troiam</span> <span class='ocrx_word' id='word_1_115' title='bbox 1683 1163 1835 1231; x_wconf 82' lang='lat' dir='ltr'>gesta</span> 
     </span>
     <span class='ocr_line' id='line_1_18' title="bbox 161 1230 1832 1304; baseline -0.002 -18"><span class='ocrx_word' id='word_1_116' title='bbox 161 1253 202 1286; x_wconf 85' lang='lat'>15</span> <span class='ocrx_word' id='word_1_117' title='bbox 225 1240 373 1304; x_wconf 90' lang='lat' dir='ltr'>sunt,</span> <span class='ocrx_word' id='word_1_118' title='bbox 423 1236 488 1288; x_wconf 91' lang='lat' dir='ltr'>ab</span> <span class='ocrx_word' id='word_1_119' title='bbox 528 1235 685 1288; x_wconf 85' lang='lat' dir='ltr'>Ulixe</span> <span class='ocrx_word' id='word_1_120' title='bbox 734 1235 949 1303; x_wconf 88' lang='lat' dir='ltr'>cognita</span> <span class='ocrx_word' id='word_1_121' title='bbox 997 1252 1156 1302; x_wconf 87' lang='lat' dir='ltr'>quam</span> <span class='ocrx_word' id='word_1_122' title='bbox 1204 1232 1610 1302; x_wconf 88' lang='lat' dir='ltr'>diligentissime</span> <span class='ocrx_word' id='word_1_123' title='bbox 1647 1230 1832 1284; x_wconf 86' lang='lat' dir='ltr'>retuli:</span> 
     </span>
     <span class='ocr_line' id='line_1_19' title="bbox 225 1301 1835 1374; baseline -0.003 -16"><span class='ocrx_word' id='word_1_124' title='bbox 225 1311 278 1359; x_wconf 93' lang='lat' dir='ltr'>et</span> <span class='ocrx_word' id='word_1_125' title='bbox 325 1306 554 1374; x_wconf 90' lang='lat' dir='ltr'>reliqua,</span> <span class='ocrx_word' id='word_1_126' title='bbox 608 1323 741 1373; x_wconf 89' lang='lat' dir='ltr'>quae</span> <span class='ocrx_word' id='word_1_127' title='bbox 791 1304 1037 1371; x_wconf 80' lang='lat' dir='ltr'>deinceps</span> <span class='ocrx_word' id='word_1_128' title='bbox 1094 1304 1333 1355; x_wconf 91' lang='lat' dir='ltr'>insecuta</span> <span class='ocrx_word' id='word_1_129' title='bbox 1380 1306 1529 1370; x_wconf 91' lang='lat' dir='ltr'>sunt,</span> <span class='ocrx_word' id='word_1_130' title='bbox 1579 1301 1835 1370; x_wconf 88' lang='lat' dir='ltr'>quoniam</span> 
     </span>
     <span class='ocr_line' id='line_1_20' title="bbox 224 1371 1834 1444; baseline -0.004 -16"><span class='ocrx_word' id='word_1_131' title='bbox 224 1378 338 1444; x_wconf 89' lang='lat' dir='ltr'>ipse</span> <span class='ocrx_word' id='word_1_132' title='bbox 375 1375 598 1427; x_wconf 86' lang='lat' dir='ltr'>interfui</span> <span class='ocrx_word' id='word_1_133' title='bbox 637 1393 796 1443; x_wconf 88' lang='lat' dir='ltr'>quam</span> <span class='ocrx_word' id='word_1_134' title='bbox 845 1374 1116 1426; x_wconf 88' lang='lat' dir='ltr'>verissime</span> <span class='ocrx_word' id='word_1_135' title='bbox 1154 1376 1342 1440; x_wconf 91' lang='lat' dir='ltr'>potero</span> <span class='ocrx_word' id='word_1_136' title='bbox 1382 1389 1662 1440; x_wconf 88' lang='lat' dir='ltr'>exponam.</span> <span class='ocrx_word' id='word_1_137' title='bbox 1735 1371 1834 1440; x_wconf 89' lang='lat' dir='ltr'>igi-</span> 
     </span>
     <span class='ocr_line' id='line_1_21' title="bbox 224 1441 1836 1514; baseline -0.004 -16"><span class='ocrx_word' id='word_1_138' title='bbox 224 1450 313 1498; x_wconf 90' lang='lat' dir='ltr'>tur</span> <span class='ocrx_word' id='word_1_139' title='bbox 348 1448 471 1514; x_wconf 88' lang='lat' dir='ltr'>post</span> <span class='ocrx_word' id='word_1_140' title='bbox 508 1463 619 1513; x_wconf 82' lang='lat' dir='ltr'>eOS,</span> <span class='ocrx_word' id='word_1_141' title='bbox 654 1462 788 1512; x_wconf 89' lang='lat' dir='ltr'>quos</span> <span class='ocrx_word' id='word_1_142' title='bbox 827 1462 986 1512; x_wconf 88' lang='lat' dir='ltr'>supra</span> <span class='ocrx_word' id='word_1_143' title='bbox 1023 1443 1449 1509; x_wconf 82' lang='lat' dir='ltr'>memoravimus,</span> <span class='ocrx_word' id='word_1_144' title='bbox 1478 1441 1676 1494; x_wconf 89' lang='lat' dir='ltr'>Nestor</span> <span class='ocrx_word' id='word_1_145' title='bbox 1713 1458 1836 1493; x_wconf 92' lang='lat' dir='ltr'>cum</span> 
     </span>
     <span class='ocr_line' id='line_1_22' title="bbox 227 1512 1833 1582; baseline -0.004 -14"><span class='ocrx_word' id='word_1_146' title='bbox 227 1515 520 1568; x_wconf 89' lang='lat' dir='ltr'>Antilocho</span> <span class='ocrx_word' id='word_1_147' title='bbox 561 1518 615 1567; x_wconf 93' lang='lat' dir='ltr'>et</span> <span class='ocrx_word' id='word_1_148' title='bbox 639 1514 1011 1582; x_wconf 85' lang='lat' dir='ltr'>Thrasymede,</span> <span class='ocrx_word' id='word_1_149' title='bbox 1053 1530 1186 1581; x_wconf 90' lang='lat' dir='ltr'>quos</span> <span class='ocrx_word' id='word_1_150' title='bbox 1211 1512 1478 1564; x_wconf 86' lang='lat' dir='ltr'>Anaxibia</span> <span class='ocrx_word' id='word_1_151' title='bbox 1514 1513 1833 1580; x_wconf 84' lang='lat' dir='ltr'>susceperat,</span> 
     </span>
     <span class='ocr_line' id='line_1_23' title="bbox 163 1580 1928 1654; baseline -0.001 -20"><span class='ocrx_word' id='word_1_152' title='bbox 163 1602 205 1634; x_wconf 84' lang='lat'>20</span> <span class='ocrx_word' id='word_1_153' title='bbox 228 1585 561 1654; x_wconf 86' lang='lat' dir='ltr'>supervenit:</span> <span class='ocrx_word' id='word_1_154' title='bbox 611 1602 700 1637; x_wconf 88' lang='lat' dir='ltr'>eos</span> <span class='ocrx_word' id='word_1_155' title='bbox 745 1584 1006 1636; x_wconf 90' lang='lat' dir='ltr'>Peneleus</span> <span class='ocrx_word' id='word_1_156' title='bbox 1062 1584 1334 1635; x_wconf 88' lang='lat' dir='ltr'>insecutus</span> <span class='ocrx_word' id='word_1_157' title='bbox 1382 1599 1503 1634; x_wconf 88' lang='lat' dir='ltr'>cum</span> <span class='ocrx_word' id='word_1_158' title='bbox 1550 1580 1735 1634; x_wconf 81' lang='lat' dir='ltr'>Olonio</span> <span class='ocrx_word' id='word_1_159' title='bbox 1783 1583 1838 1632; x_wconf 89' lang='lat' dir='ltr'>et</span> <span class='ocrx_word' id='word_1_160' title='bbox 1925 1602 1928 1603; x_wconf 43' lang='lat'><em>⁷</em></span> 
     </span>
     <span class='ocr_line' id='line_1_24' title="bbox 227 1650 1836 1723; baseline -0.003 -15"><span class='ocrx_word' id='word_1_161' title='bbox 227 1655 501 1708; x_wconf 85' lang='lat' dir='ltr'>Arcesilao</span> <span class='ocrx_word' id='word_1_162' title='bbox 540 1654 967 1723; x_wconf 75' lang='lat' dir='ltr'>consanguineiS,</span> <span class='ocrx_word' id='word_1_163' title='bbox 1006 1653 1129 1705; x_wconf 88' lang='lat' dir='ltr'>dein</span> <span class='ocrx_word' id='word_1_164' title='bbox 1167 1652 1505 1704; x_wconf 90' lang='lat' dir='ltr'>Prothoenor</span> <span class='ocrx_word' id='word_1_165' title='bbox 1553 1654 1607 1703; x_wconf 87' lang='lat' dir='ltr'>et</span> <span class='ocrx_word' id='word_1_166' title='bbox 1652 1650 1836 1704; x_wconf 84' lang='lat' dir='ltr'>Leitus</span> 
     </span>
     <span class='ocr_line' id='line_1_25' title="bbox 229 1720 1836 1791; baseline -0.004 -13"><span class='ocrx_word' id='word_1_167' title='bbox 229 1725 486 1778; x_wconf 80' lang='lat' dir='ltr'>Boeotiae</span> <span class='ocrx_word' id='word_1_168' title='bbox 523 1724 807 1791; x_wconf 82' lang='lat' dir='ltr'>principeS,</span> <span class='ocrx_word' id='word_1_169' title='bbox 845 1723 1079 1790; x_wconf 91' lang='lat' dir='ltr'>itemque</span> <span class='ocrx_word' id='word_1_170' title='bbox 1106 1721 1361 1775; x_wconf 81' lang='lat' dir='ltr'>Schedius</span> <span class='ocrx_word' id='word_1_171' title='bbox 1400 1725 1453 1774; x_wconf 92' lang='lat' dir='ltr'>et</span> <span class='ocrx_word' id='word_1_172' title='bbox 1477 1720 1836 1789; x_wconf 86' lang='lat' dir='ltr'>Epistrophus</span> 
     </span>
     <span class='ocr_line' id='line_1_26' title="bbox 228 1791 1837 1861; baseline -0.003 -14"><span class='ocrx_word' id='word_1_173' title='bbox 228 1795 547 1860; x_wconf 81' lang='lat' dir='ltr'>PhocenseS,</span> <span class='ocrx_word' id='word_1_174' title='bbox 575 1793 906 1861; x_wconf 87' lang='lat' dir='ltr'>Ascalaphus</span> <span class='ocrx_word' id='word_1_175' title='bbox 944 1796 997 1845; x_wconf 93' lang='lat' dir='ltr'>et</span> <span class='ocrx_word' id='word_1_176' title='bbox 1020 1792 1287 1844; x_wconf 87' lang='lat' dir='ltr'>Ialmenus</span> <span class='ocrx_word' id='word_1_177' title='bbox 1315 1791 1683 1844; x_wconf 89' lang='lat' dir='ltr'>Orchomenii:</span> <span class='ocrx_word' id='word_1_178' title='bbox 1720 1792 1837 1842; x_wconf 90' lang='lat' dir='ltr'>tum</span> 
     </span>
     <span class='ocr_line' id='line_1_27' title="bbox 228 1859 1838 1932; baseline -0.003 -15"><span class='ocrx_word' id='word_1_179' title='bbox 228 1864 422 1917; x_wconf 89' lang='lat' dir='ltr'>Diores</span> <span class='ocrx_word' id='word_1_180' title='bbox 450 1867 502 1916; x_wconf 92' lang='lat' dir='ltr'>et</span> <span class='ocrx_word' id='word_1_181' title='bbox 526 1863 709 1932; x_wconf 89' lang='lat' dir='ltr'>Meges</span> <span class='ocrx_word' id='word_1_182' title='bbox 737 1881 800 1915; x_wconf 91' lang='lat' dir='ltr'>ex</span> <span class='ocrx_word' id='word_1_183' title='bbox 823 1862 1027 1931; x_wconf 88' lang='lat' dir='ltr'>Phyleo</span> <span class='ocrx_word' id='word_1_184' title='bbox 1054 1862 1279 1931; x_wconf 87' lang='lat' dir='ltr'>genitus,</span> <span class='ocrx_word' id='word_1_185' title='bbox 1307 1861 1483 1914; x_wconf 90' lang='lat' dir='ltr'>Thoas</span> <span class='ocrx_word' id='word_1_186' title='bbox 1509 1878 1574 1912; x_wconf 90' lang='lat' dir='ltr'>ex</span> <span class='ocrx_word' id='word_1_187' title='bbox 1598 1859 1838 1912; x_wconf 86' lang='lat' dir='ltr'>Andrae-</span> 
     </span>
     <span class='ocr_line' id='line_1_28' title="bbox 169 1930 1834 2002; baseline 0 -20"><span class='ocrx_word' id='word_1_188' title='bbox 169 1950 209 1982; x_wconf 79' lang='lat'>25</span> <span class='ocrx_word' id='word_1_189' title='bbox 231 1952 414 2001; x_wconf 88' lang='lat' dir='ltr'>mone,</span> <span class='ocrx_word' id='word_1_190' title='bbox 451 1933 756 2002; x_wconf 85' lang='lat' dir='ltr'>Eurypylus</span> <span class='ocrx_word' id='word_1_191' title='bbox 793 1932 1118 1985; x_wconf 86' lang='lat' dir='ltr'>Euaemonis</span> <span class='ocrx_word' id='word_1_192' title='bbox 1160 1934 1419 1984; x_wconf 78' lang='lat' dir='ltr'>Ormenius</span> <span class='ocrx_word' id='word_1_193' title='bbox 1463 1934 1515 1983; x_wconf 90' lang='lat' dir='ltr'>et</span> <span class='ocrx_word' id='word_1_194' title='bbox 1551 1930 1834 1983; x_wconf 80' lang='lat' dir='ltr'>Leonteus,</span> 
     </span>
     <span class='ocr_line' id='line_1_29' title="bbox 369 1999 1836 2069; baseline -0.003 -13"><span class='ocrx_word' id='word_1_195' title='bbox 369 2003 516 2056; x_wconf 89' lang='lat' dir='ltr'><strong>XIV.</strong></span> <span class='ocrx_word' id='word_1_196' title='bbox 589 2003 719 2055; x_wconf 90' lang='lat' dir='ltr'>Post</span> <span class='ocrx_word' id='word_1_197' title='bbox 773 2020 907 2069; x_wconf 89' lang='lat' dir='ltr'>quos</span> <span class='ocrx_word' id='word_1_198' title='bbox 962 2001 1200 2054; x_wconf 85' lang='lat' dir='ltr'>Achilles</span> <span class='ocrx_word' id='word_1_199' title='bbox 1255 2001 1402 2054; x_wconf 87' lang='lat' dir='ltr'>Pelei</span> <span class='ocrx_word' id='word_1_200' title='bbox 1469 2004 1525 2053; x_wconf 89' lang='lat' dir='ltr'>et</span> <span class='ocrx_word' id='word_1_201' title='bbox 1579 1999 1836 2068; x_wconf 82' lang='lat' dir='ltr'>ThetidiS,</span> 
     </span>
     <span class='ocr_line' id='line_1_30' title="bbox 230 2069 1838 2142; baseline -0.002 -16"><span class='ocrx_word' id='word_1_202' title='bbox 230 2091 364 2142; x_wconf 91' lang='lat' dir='ltr'>quae</span> <span class='ocrx_word' id='word_1_203' title='bbox 419 2091 482 2125; x_wconf 94' lang='lat' dir='ltr'>ex</span> <span class='ocrx_word' id='word_1_204' title='bbox 521 2071 754 2125; x_wconf 83' lang='lat' dir='ltr'>Chirone</span> <span class='ocrx_word' id='word_1_205' title='bbox 803 2073 1089 2124; x_wconf 87' lang='lat' dir='ltr'>dicebatur.</span> <span class='ocrx_word' id='word_1_206' title='bbox 1172 2071 1260 2123; x_wconf 90' lang='lat' dir='ltr'>hic</span> <span class='ocrx_word' id='word_1_207' title='bbox 1317 2071 1376 2123; x_wconf 93' lang='lat' dir='ltr'>in</span> <span class='ocrx_word' id='word_1_208' title='bbox 1428 2071 1613 2139; x_wconf 87' lang='lat' dir='ltr'>primis</span> <span class='ocrx_word' id='word_1_209' title='bbox 1661 2069 1838 2122; x_wconf 83' lang='lat' dir='ltr'>adule-</span> 
     </span>
     <span class='ocr_line' id='line_1_31' title="bbox 231 2140 1839 2210; baseline -0.002 -15"><span class='ocrx_word' id='word_1_210' title='bbox 231 2143 462 2196; x_wconf 88' lang='lat' dir='ltr'>scentiae</span> <span class='ocrx_word' id='word_1_211' title='bbox 500 2143 679 2209; x_wconf 89' lang='lat' dir='ltr'>annis,</span> <span class='ocrx_word' id='word_1_212' title='bbox 707 2159 981 2210; x_wconf 78' lang='lat' dir='ltr'>proceruS,</span> <span class='ocrx_word' id='word_1_213' title='bbox 1022 2141 1211 2194; x_wconf 88' lang='lat' dir='ltr'>decora</span> <span class='ocrx_word' id='word_1_214' title='bbox 1247 2140 1408 2208; x_wconf 88' lang='lat' dir='ltr'>facie,</span> <span class='ocrx_word' id='word_1_215' title='bbox 1447 2140 1621 2193; x_wconf 91' lang='lat' dir='ltr'>studio</span> <span class='ocrx_word' id='word_1_216' title='bbox 1659 2156 1839 2192; x_wconf 89' lang='lat' dir='ltr'>rerum</span> 
     </span>
     <span class='ocr_line' id='line_1_32' title="bbox 230 2210 1929 2280; baseline -0.002 -15"><span class='ocrx_word' id='word_1_217' title='bbox 230 2213 541 2266; x_wconf 86' lang='lat' dir='ltr'>bellicarum</span> <span class='ocrx_word' id='word_1_218' title='bbox 579 2230 762 2264; x_wconf 88' lang='lat' dir='ltr'>omnes</span> <span class='ocrx_word' id='word_1_219' title='bbox 800 2212 907 2263; x_wconf 89' lang='lat' dir='ltr'>iam</span> <span class='ocrx_word' id='word_1_220' title='bbox 943 2215 1059 2263; x_wconf 86' lang='lat' dir='ltr'>tum</span> <span class='ocrx_word' id='word_1_221' title='bbox 1106 2212 1302 2263; x_wconf 86' lang='lat' dir='ltr'>virtute</span> <span class='ocrx_word' id='word_1_222' title='bbox 1350 2214 1508 2279; x_wconf 90' lang='lat' dir='ltr'>atque</span> <span class='ocrx_word' id='word_1_223' title='bbox 1546 2210 1719 2280; x_wconf 86' lang='lat' dir='ltr'>gloria</span> <span class='ocrx_word' id='word_1_224' title='bbox 1755 2227 1839 2261; x_wconf 88' lang='lat' dir='ltr'>su·</span> <span class='ocrx_word' id='word_1_225' title='bbox 1927 2275 1929 2277; x_wconf 26' lang='grc'><strong>,</strong></span> 
     </span>
     <span class='ocr_line' id='line_1_33' title="bbox 170 2279 1838 2351; baseline 0.001 -21"><span class='ocrx_word' id='word_1_226' title='bbox 170 2296 211 2330; x_wconf 89' lang='lat'>30</span> <span class='ocrx_word' id='word_1_227' title='bbox 232 2283 468 2351; x_wconf 86' lang='lat' dir='ltr'>perabat,</span> <span class='ocrx_word' id='word_1_228' title='bbox 506 2299 679 2349; x_wconf 90' lang='lat' dir='ltr'>neque</span> <span class='ocrx_word' id='word_1_229' title='bbox 716 2285 896 2334; x_wconf 88' lang='lat' dir='ltr'>tamen</span> <span class='ocrx_word' id='word_1_230' title='bbox 934 2282 1117 2333; x_wconf 89' lang='lat' dir='ltr'>aberat</span> <span class='ocrx_word' id='word_1_231' title='bbox 1153 2281 1219 2333; x_wconf 85' lang='lat' dir='ltr'>ab</span> <span class='ocrx_word' id='word_1_232' title='bbox 1259 2299 1319 2333; x_wconf 93' lang='lat' dir='ltr'>eo</span> <span class='ocrx_word' id='word_1_233' title='bbox 1358 2281 1438 2333; x_wconf 84' lang='lat' dir='ltr'>vis</span> <span class='ocrx_word' id='word_1_234' title='bbox 1465 2279 1723 2349; x_wconf 86' lang='lat' dir='ltr'>quaedam</span> <span class='ocrx_word' id='word_1_235' title='bbox 1759 2279 1838 2331; x_wconf 90' lang='lat' dir='ltr'>in-</span> 
     </span>
     <span class='ocr_line' id='line_1_34' title="bbox 233 2347 1838 2419; baseline -0.003 -14"><span class='ocrx_word' id='word_1_236' title='bbox 233 2352 475 2405; x_wconf 90' lang='lat' dir='ltr'>consulta</span> <span class='ocrx_word' id='word_1_237' title='bbox 524 2354 575 2403; x_wconf 91' lang='lat' dir='ltr'>et</span> <span class='ocrx_word' id='word_1_238' title='bbox 623 2351 781 2404; x_wconf 88' lang='lat' dir='ltr'>effera</span> <span class='ocrx_word' id='word_1_239' title='bbox 817 2369 1026 2404; x_wconf 89' lang='lat' dir='ltr'>morum</span> <span class='ocrx_word' id='word_1_240' title='bbox 1074 2351 1407 2419; x_wconf 89' lang='lat' dir='ltr'>inpatientia.</span> <span class='ocrx_word' id='word_1_241' title='bbox 1483 2367 1602 2403; x_wconf 86' lang='lat' dir='ltr'>cum</span> <span class='ocrx_word' id='word_1_242' title='bbox 1641 2367 1702 2402; x_wconf 94' lang='lat' dir='ltr'>eo</span> <span class='ocrx_word' id='word_1_243' title='bbox 1740 2347 1838 2401; x_wconf 89' lang='lat' dir='ltr'>Pa-</span> 
     </span>
    </p>
   </div>
   <div class='ocr_carea' id='block_1_4' title="bbox 345 2463 1165 2506">
    <p class='ocr_par' dir='ltr' id='par_1_4' title="bbox 345 2463 1165 2506">
     <span class='ocr_line' id='line_1_35' title="bbox 345 2463 1165 2506; baseline -0.002 0"><span class='ocrx_word' id='word_1_244' title='bbox 345 2466 458 2506; x_wconf 90' lang='lat' dir='ltr'>XIII</span> <span class='ocrx_word' id='word_1_245' title='bbox 486 2465 645 2506; x_wconf 83' lang='lat' dir='ltr'>Malal.</span> <span class='ocrx_word' id='word_1_246' title='bbox 681 2467 761 2506; x_wconf 84' lang='lat'>134</span> <span class='ocrx_word' id='word_1_247' title='bbox 792 2463 982 2506; x_wconf 83' lang='lat' dir='ltr'>Cedren.</span> <span class='ocrx_word' id='word_1_248' title='bbox 1016 2466 1051 2505; x_wconf 91' lang='lat' dir='ltr'>P</span> <span class='ocrx_word' id='word_1_249' title='bbox 1085 2466 1165 2505; x_wconf 81' lang='grc'>127</span> 
     </span>
    </p>
   </div>
   <div class='ocr_carea' id='block_1_5' title="bbox 236 2439 572 2446">
    <p class='ocr_par' dir='ltr' id='par_1_5' title="bbox 236 2439 572 2446">
     <span class='ocr_line' id='line_1_36' title="bbox 236 2439 572 2446; baseline 0 732"><span class='ocrx_word' id='word_1_250' title='bbox 236 2439 572 2446; x_wconf 95' lang='lat' dir='ltr'> </span> 
     </span>
    </p>
   </div>
   <div class='ocr_carea' id='block_1_6' title="bbox 238 2537 571 2543">
    <p class='ocr_par' dir='ltr' id='par_1_6' title="bbox 238 2537 571 2543">
     <span class='ocr_line' id='line_1_37' title="bbox 238 2537 571 2543; baseline 0 0"><span class='ocrx_word' id='word_1_251' title='bbox 238 2537 571 2543; x_wconf 95' lang='lat' dir='ltr'> </span> 
     </span>
    </p>
   </div>
   <div class='ocr_carea' id='block_1_7' title="bbox 234 2561 1841 2948">
    <p class='ocr_par' dir='ltr' id='par_1_7' title="bbox 234 2561 1841 2948">
     <span class='ocr_line' id='line_1_38' title="bbox 348 2561 1840 2615; baseline -0.001 -13"><span class='ocrx_word' id='word_1_252' title='bbox 348 2564 372 2602; x_wconf 81' lang='grc'>’1</span> <span class='ocrx_word' id='word_1_253' title='bbox 405 2562 648 2602; x_wconf 87' lang='lat' dir='ltr'>couendum</span> <span class='ocrx_word' id='word_1_254' title='bbox 684 2561 735 2603; x_wconf 81' lang='lat' dir='ltr'>G1</span> <span class='ocrx_word' id='word_1_255' title='bbox 851 2564 877 2604; x_wconf 86' lang='lat'>8</span> <span class='ocrx_word' id='word_1_256' title='bbox 909 2562 1118 2615; x_wconf 78' lang='lat' dir='ltr'>diligitur</span> <span class='ocrx_word' id='word_1_257' title='bbox 1151 2562 1198 2606; x_wconf 81' lang='lat' dir='ltr'>G.</span> <span class='ocrx_word' id='word_1_258' title='bbox 1223 2575 1336 2604; x_wconf 80' lang='lat' dir='ltr'>corr.</span> <span class='ocrx_word' id='word_1_259' title='bbox 1370 2564 1407 2602; x_wconf 86' lang='lat'>1.</span> <span class='ocrx_word' id='word_1_260' title='bbox 1438 2574 1489 2604; x_wconf 86' lang='lat' dir='ltr'>m.</span> <span class='ocrx_word' id='word_1_261' title='bbox 1606 2562 1656 2600; x_wconf 87' lang='lat' dir='ltr'>ll</span> <span class='ocrx_word' id='word_1_262' title='bbox 1687 2562 1840 2600; x_wconf 79' lang='lat' dir='ltr'>tenter</span> 
     </span>
     <span class='ocr_line' id='line_1_39' title="bbox 237 2615 1839 2670; baseline -0.003 -10"><span class='ocrx_word' id='word_1_263' title='bbox 237 2618 287 2660; x_wconf 79' lang='lat' dir='ltr'>G.</span> <span class='ocrx_word' id='word_1_264' title='bbox 325 2631 348 2657; x_wconf 90' lang='lat' dir='ltr'>c</span> <span class='ocrx_word' id='word_1_265' title='bbox 379 2620 421 2657; x_wconf 88' lang='grc'>2.</span> <span class='ocrx_word' id='word_1_266' title='bbox 450 2631 499 2659; x_wconf 86' lang='lat' dir='ltr'>m.</span> <span class='ocrx_word' id='word_1_267' title='bbox 530 2631 623 2670; x_wconf 76' lang='lat' dir='ltr'>sup.</span> <span class='ocrx_word' id='word_1_268' title='bbox 656 2631 741 2659; x_wconf 82' lang='lat' dir='ltr'>scr.</span> <span class='ocrx_word' id='word_1_269' title='bbox 860 2620 914 2659; x_wconf 91' lang='grc'>20</span> <span class='ocrx_word' id='word_1_270' title='bbox 945 2618 1085 2670; x_wconf 83' lang='lat' dir='ltr'>clytio</span> <span class='ocrx_word' id='word_1_271' title='bbox 1116 2619 1232 2668; x_wconf 83' lang='lat' dir='ltr'>libri,</span> <span class='ocrx_word' id='word_1_272' title='bbox 1273 2618 1502 2659; x_wconf 81' lang='lat' dir='ltr'>Mer-cerus</span> <span class='ocrx_word' id='word_1_273' title='bbox 1537 2622 1579 2657; x_wconf 80' lang='lat' dir='ltr'>ec</span> <span class='ocrx_word' id='word_1_274' title='bbox 1610 2615 1839 2657; x_wconf 72' lang='lat' dir='ltr'>Obrechcus</span> 
     </span>
     <span class='ocr_line' id='line_1_40' title="bbox 236 2669 1840 2726; baseline -0.002 -11"><span class='ocrx_word' id='word_1_275' title='bbox 236 2673 397 2715; x_wconf 85' lang='lat' dir='ltr'>Clonio</span> <span class='ocrx_word' id='word_1_276' title='bbox 464 2673 718 2714; x_wconf 83' lang='lat' dir='ltr'>archesilao</span> <span class='ocrx_word' id='word_1_277' title='bbox 768 2674 803 2715; x_wconf 88' lang='lat' dir='ltr'>G·</span> <span class='ocrx_word' id='word_1_278' title='bbox 869 2673 1120 2715; x_wconf 81' lang='lat' dir='ltr'>arthesilao</span> <span class='ocrx_word' id='word_1_279' title='bbox 1165 2673 1207 2714; x_wconf 87' lang='lat' dir='ltr'><em>B</em></span> <span class='ocrx_word' id='word_1_280' title='bbox 1367 2674 1421 2713; x_wconf 91' lang='grc'>21</span> <span class='ocrx_word' id='word_1_281' title='bbox 1466 2672 1716 2726; x_wconf 86' lang='lat' dir='ltr'>prothenor</span> <span class='ocrx_word' id='word_1_282' title='bbox 1761 2669 1840 2712; x_wconf 77' lang='lat' dir='ltr'>GR</span> 
     </span>
     <span class='ocr_line' id='line_1_41' title="bbox 234 2725 1839 2775; baseline -0.002 -5"><span class='ocrx_word' id='word_1_283' title='bbox 234 2731 289 2770; x_wconf 92' lang='grc'>22</span> <span class='ocrx_word' id='word_1_284' title='bbox 312 2728 492 2770; x_wconf 86' lang='lat' dir='ltr'>scedius</span> <span class='ocrx_word' id='word_1_285' title='bbox 518 2729 595 2769; x_wconf 85' lang='lat' dir='ltr'>GB</span> <span class='ocrx_word' id='word_1_286' title='bbox 683 2731 735 2770; x_wconf 87' lang='grc'>23</span> <span class='ocrx_word' id='word_1_287' title='bbox 758 2729 969 2770; x_wconf 80' lang='lat' dir='ltr'>focenses</span> <span class='ocrx_word' id='word_1_288' title='bbox 990 2730 1067 2770; x_wconf 83' lang='lat' dir='ltr'>GB</span> <span class='ocrx_word' id='word_1_289' title='bbox 1117 2730 1324 2770; x_wconf 85' lang='lat' dir='ltr'>iamenus</span> <span class='ocrx_word' id='word_1_290' title='bbox 1349 2727 1426 2770; x_wconf 76' lang='lat' dir='ltr'>GB</span> <span class='ocrx_word' id='word_1_291' title='bbox 1511 2729 1575 2775; x_wconf 82' lang='lat'>24</span> <span class='ocrx_word' id='word_1_292' title='bbox 1586 2739 1737 2769; x_wconf 78' lang='lat' dir='ltr'>moces</span> <span class='ocrx_word' id='word_1_293' title='bbox 1761 2725 1839 2767; x_wconf 66' lang='grc' dir='ltr'>ΕΒ</span> 
     </span>
     <span class='ocr_line' id='line_1_42' title="bbox 235 2780 1841 2838; baseline -0.002 -14"><span class='ocrx_word' id='word_1_294' title='bbox 235 2785 357 2838; x_wconf 87' lang='lat' dir='ltr'>pileo</span> <span class='ocrx_word' id='word_1_295' title='bbox 381 2785 417 2826; x_wconf 81' lang='lat' dir='ltr'><em>G</em></span> <span class='ocrx_word' id='word_1_296' title='bbox 475 2784 605 2837; x_wconf 89' lang='lat' dir='ltr'>peleo</span> <span class='ocrx_word' id='word_1_297' title='bbox 629 2784 668 2823; x_wconf 89' lang='lat' dir='ltr'><em>B</em></span> <span class='ocrx_word' id='word_1_298' title='bbox 774 2787 828 2826; x_wconf 81' lang='lat'>25</span> <span class='ocrx_word' id='word_1_299' title='bbox 861 2786 1135 2826; x_wconf 86' lang='lat' dir='ltr'>andromone</span> <span class='ocrx_word' id='word_1_300' title='bbox 1161 2785 1239 2826; x_wconf 79' lang='lat' dir='ltr'>GB</span> <span class='ocrx_word' id='word_1_301' title='bbox 1297 2784 1595 2826; x_wconf 84' lang='lat' dir='ltr'>enhaemonis</span> <span class='ocrx_word' id='word_1_302' title='bbox 1617 2783 1653 2825; x_wconf 70' lang='lat' dir='ltr'><em>G</em></span> <span class='ocrx_word' id='word_1_303' title='bbox 1709 2780 1841 2823; x_wconf 83' lang='lat' dir='ltr'>euhe-</span> 
     </span>
     <span class='ocr_line' id='line_1_43' title="bbox 236 2836 1836 2888; baseline -0.002 -8"><span class='ocrx_word' id='word_1_304' title='bbox 236 2841 384 2881; x_wconf 83' lang='lat' dir='ltr'>monis</span> <span class='ocrx_word' id='word_1_305' title='bbox 414 2840 456 2880; x_wconf 91' lang='lat' dir='ltr'><em>B</em></span> <span class='ocrx_word' id='word_1_306' title='bbox 522 2839 836 2881; x_wconf 79' lang='lat' dir='ltr'>orchomenias</span> <span class='ocrx_word' id='word_1_307' title='bbox 870 2841 947 2882; x_wconf 85' lang='lat' dir='ltr'>GB</span> <span class='ocrx_word' id='word_1_308' title='bbox 985 2854 1099 2884; x_wconf 79' lang='lat' dir='ltr'>corr.</span> <span class='ocrx_word' id='word_1_309' title='bbox 1132 2841 1356 2881; x_wconf 74' lang='lat' dir='ltr'>Mereerus</span> <span class='ocrx_word' id='word_1_310' title='bbox 1470 2842 1522 2882; x_wconf 91' lang='lat'>31</span> <span class='ocrx_word' id='word_1_311' title='bbox 1562 2842 1608 2880; x_wconf 83' lang='lat' dir='ltr'>et</span> <span class='ocrx_word' id='word_1_312' title='bbox 1635 2851 1712 2880; x_wconf 86' lang='lat' dir='ltr'>om.</span> <span class='ocrx_word' id='word_1_313' title='bbox 1745 2836 1836 2888; x_wconf 81' lang='lat' dir='ltr'>GB,</span> 
     </span>
     <span class='ocr_line' id='line_1_44' title="bbox 238 2896 1184 2948; baseline 0 -12"><span class='ocrx_word' id='word_1_314' title='bbox 238 2896 463 2937; x_wconf 75' lang='lat' dir='ltr'>Mer-cerus</span> <span class='ocrx_word' id='word_1_315' title='bbox 493 2908 574 2937; x_wconf 81' lang='lat' dir='ltr'>non</span> <span class='ocrx_word' id='word_1_316' title='bbox 605 2900 709 2937; x_wconf 82' lang='lat' dir='ltr'>male</span> <span class='ocrx_word' id='word_1_317' title='bbox 738 2899 964 2948; x_wconf 79' lang='lat' dir='ltr'>proposuit</span> <span class='ocrx_word' id='word_1_318' title='bbox 995 2900 1040 2937; x_wconf 85' lang='lat' dir='ltr'>et</span> <span class='ocrx_word' id='word_1_319' title='bbox 1071 2897 1184 2937; x_wconf 86' lang='lat' dir='ltr'>fera.</span> 
     </span>
    </p>
   </div>
  </div>
 </body>
</html>
