1956 3178
229 129 337 169 VIII

230 242 471 311 sumpsit,
510 242 586 293 ita
623 241 782 293 etiam
829 241 945 309 ipsa
981 241 1144 296 verba
1180 257 1244 292 ex
1282 239 1611 295 diversorum
1636 239 1846 313 tempo-⁶
1879 235 1956 309 ἒξ

230 331 350 365 rum
388 312 735 380 scriptoribus
772 313 1044 362 mutuatus
1083 313 1176 379 est,
1217 327 1391 363 sermo
1429 313 1542 364 eius
1579 313 1836 383 impurae,
1914 311 1956 361 οὲ

230 383 414 435 multis
459 382 770 450 posterioris
818 381 1100 433 latinitatis
1147 380 1429 448 phrasibus
1476 385 1530 434 et
1566 387 1838 437 construc-
1925 378 1956 425 ³.

230 453 467 506 tionibus
506 453 687 521 quales
726 451 866 519 apud
904 451 1193 519 Apuleium
1229 450 1597 521 Hegesippum
1635 455 1838 507 Ammi-
1884 453 1956 517 „51³²

230 542 392 575 anum
432 521 727 590 Sulpicium
766 521 1019 574 Severum
1061 520 1311 574 Orosium
1357 523 1595 591 aliosque
1641 524 1838 592 reperi·
1952 551 1956 557 ·

229 612 346 645 mus
402 594 599 644 mixtus
655 611 775 644 eum
831 594 991 644 tertio
1038 593 1124 644 vel
1177 595 1365 660 quarto
1414 594 1623 646 saeculo
1675 594 1839 663 scrip-

230 664 357 716 sisse
420 663 703 715 verisimile
765 662 909 715 facit.
994 662 1060 714 In
1122 663 1435 731 quibusdam
1498 665 1640 716 enim
1701 664 1837 718 anti·
1911 670 1930 718 -’

230 733 511 802 quissimos
549 732 913 785 Romanorum
950 736 1135 801 poetas
1171 733 1428 802 imitatur,
1466 735 1524 786 in
1561 735 1679 799 aliis
1704 734 1837 788 Ver-

265 804 434 872 ilium,
460 804 660 872 passim
690 802 1002 856 Ciceronem
1022 803 1237 855 Livium
1262 803 1506 856 Tacitum
1527 804 1835 858 Cornelium

227 821 493 942 {epotem
532 874 795 942 sequitur,
846 874 1075 926 maxime
1114 878 1292 926 autem
1330 873 1664 927 Sallustium:
1705 875 1836 945 quid

229 944 372 1012 quod
407 944 551 996 haud
575 962 695 996 raro
736 945 889 1012 quasi
915 944 1174 1012 quaedam
1210 945 1366 997 huius
1393 945 1719 998 imitationes
1756 964 1835 998 re—

227 1015 508 1083 periuntur
556 1018 714 1083 atque
752 1016 809 1066 in
846 1015 1310 1084 Agamemnonem
1348 1014 1562 1068 Ulixem
1600 1016 1735 1069 alios
1773 1033 1836 1068 ea
1944 1055 1956 1058 ->

226 1085 623 1137 transferuntur
661 1104 793 1153 quae
831 1085 922 1137 ille
970 1086 1032 1137 de
1081 1085 1343 1154 Iugurtha
1381 1085 1552 1139 Mario
1602 1085 1835 1139 Catilina

227 1154 399 1207 dixit?
446 1155 594 1207 Haec
630 1156 766 1207 mira
802 1156 1045 1208 imitandi
1082 1157 1236 1223 ratio,
1275 1174 1409 1224 quae
1447 1160 1626 1208 utrum
1663 1157 1835 1226 magis

226 1226 392 1277 risum
430 1244 499 1277 an
522 1227 757 1278 taedium
782 1226 1052 1278 interdum
1078 1230 1290 1278 moveat
1328 1226 1545 1279 difficile
1583 1229 1664 1279 est
1701 1227 1832 1279 diiu-

228 1294 429 1363 dicatu,
478 1295 751 1348 hominem
799 1296 1008 1348 videtur
1052 1296 1275 1364 prodere
1328 1297 1419 1364 qui
1457 1315 1587 1350 sano
1634 1297 1833 1351 iudicio

226 1370 394 1434 caret,
442 1366 547 1418 nisi
594 1366 732 1418 forte
771 1370 1062 1419 statuemus
1110 1370 1329 1418 ornatus
1378 1385 1535 1419 causa
1585 1385 1648 1419 ex
1697 1368 1834 1420 anti·
1895 1383 1898 1386 ·
1942 1363 1947 1365 ’

226 1436 345 1504 quis
394 1436 765 1504 scriptoribuS,
814 1455 918 1505 quo
969 1436 1178 1488 nullum
1237 1440 1611 1490 ornamentum
1659 1438 1833 1491 maius

226 1509 279 1558 et
315 1506 518 1574 gratius
567 1507 859 1576 excogitari
905 1507 1108 1575 potuit,
1151 1507 1309 1559 modo
1348 1508 1474 1559 hinc
1511 1508 1669 1560 modo
1708 1507 1833 1560 inde

226 1593 362 1644 quae
398 1577 627 1628 maxime
664 1581 885 1644 possent
922 1577 1153 1629 blandiri
1190 1577 1438 1645 decerpta
1481 1596 1608 1630 esse.
1685 1576 1832 1640 Quae

223 1664 292 1698 ne
329 1649 527 1698 temere
566 1646 758 1699 dixisse
786 1647 967 1700 videar
1004 1666 1109 1715 qua
1133 1647 1339 1699 ratione
1367 1647 1679 1700 Sallustium
1715 1649 1831 1701 imi-

223 1718 366 1768 tatus
404 1717 474 1768 sit
509 1717 691 1769 multis
716 1718 992 1786 utriusque
1031 1718 1303 1785 scriptoris
1331 1718 1538 1770 collatis
1577 1718 1832 1787 exemplis

226 1786 619 1839 demonstrabo.
682 1807 732 1855 p.
771 1788 820 1855 4,
862 1790 889 1839 7
929 1788 1150 1856 largiter
1186 1788 1573 1857 magnificeque
1613 1806 1702 1841 eos
1739 1788 1831 1841 ha-
1938 1847 1942 1851 .

223 1856 414 1908 buere:
455 1855 611 1909 Catil.
657 1859 736 1925 11,
763 1859 796 1910 5
834 1858 1103 1911 luxuriose
1130 1859 1393 1926 nimisque
1419 1859 1712 1911 liberaliter
1736 1858 1829 1911 ha-

222 1926 412 1978 buerat
434 1959 505 1964 —
530 1946 580 1994 p.
623 1929 669 1993 7,
712 1928 776 1980 13
802 1928 939 1980 nihil
975 1928 1128 1996 pensi
1167 1932 1258 1980 aut
1284 1929 1513 1981 consulti
1538 1929 1828 1997 patientes:

225 1994 337 2048 Cat.
382 1996 471 2065 12,
519 1997 553 2048 2
599 1997 735 2048 nihil
780 1999 932 2066 pensi
981 2016 1152 2067 neque
1199 1999 1458 2051 moderati
1506 1999 1699 2051 habere
1737 1998 1828 2067 (cf.

220 2065 336 2134 Iug.
374 2066 461 2134 41,
501 2068 556 2135 9)
594 2099 665 2105 —-
699 2087 750 2135 p.
793 2070 848 2135 7,
901 2069 967 2120 14
1014 2069 1304 2121 transversi
1351 2070 1671 2138 agebantur:
1709 2069 1826 2138 Iug.

223 2135 271 2202 6,
310 2136 343 2187 3
380 2138 713 2188 transversos
752 2139 864 2217 agit
902 2138 1007 2217 (cf.
1031 2158 1082 2207 p.
1127 2140 1206 2207 14,
1245 2139 1335 2209 20)
1371 2170 1426 2177 —
1457 2158 1519 2219 ‚P’
1561 2141 1608 2219 7,
1646 2138 1715 2192 28
1751 2140 1831 2192 ita

221 2205 1393 2344 {EffussuistaCssssssffifflttdifissffussassffiuffx
1417 2209 1688 2332 ῗέἓῖῗὲὲθ
1709 2209 1829 2332 Ῑέἒὲἑ

223 2345 361 2397 cedit
384 2376 455 2382 -—
478 2365 530 2414 p.
570 2346 618 2414 8,
656 2347 725 2399 30
762 2348 836 2399 ita
874 2347 939 2399 ad
975 2351 1304 2416 postremum
1329 2351 1529 2402 bonum
1554 2349 1829 2418 publicum

220 2418 461 2467 materna
497 2417 670 2485 gratia
702 2421 1013 2486 ‘corruptum
1039 2422 1142 2470 est:
1180 2419 1295 2488 Iug.
1332 2419 1416 2487 25,
1455 2421 1487 2471 3
1526 2419 1601 2471 ita
1623 2420 1829 2471 bonum

219 2485 494 2551 publicum
530 2486 739 2555 privata
775 2488 948 2557 gratia
997 2488 1262 2541 devictum
1299 2520 1369 2526 —-
1402 2507 1454 2557 p.
1498 2489 1586 2556 10,
1623 2488 1690 2541 27
1737 2488 1827 2540 hio

220 2554 509 2674 {Achilleffi
522 2556 579 2608 in
590 2558 775 2624 primis
789 2558 1176 2611 adulescentiae
1188 2559 1343 2611 annis
1352 2576 1621 2626 procerus,
1637 2558 1829 2611 decora

246 2624 384 2692 acie,
434 2626 608 2678 studio
647 2645 824 2679 rerum
862 2628 1170 2681 bellicarum
1208 2647 1391 2681 omnes
1427 2628 1534 2680 iam
1570 2632 1685 2680 tum
1723 2628 1824 2680 vir·

221 2695 335 2745 tute
375 2697 533 2763 atque
572 2697 744 2764 gloria
782 2699 1066 2766 superabat
1111 2717 1284 2767 neque
1321 2701 1501 2751 tamen
1538 2699 1722 2750 aberat
1757 2698 1826 2751 ab

223 2780 284 2815 eo
324 2764 404 2815 vis
443 2767 702 2832 quaedam
738 2769 1042 2821 inconsulta
1090 2772 1143 2821 et
1180 2769 1339 2820 effera
1385 2787 1595 2820 morum
1631 2767 1825 2836 inpati-

222 2833 391 2885 entia:
429 2834 543 2904 Iug.
585 2837 633 2904 6,
677 2838 702 2888 1
733 2838 824 2905 qui
863 2838 1169 2908 (Iugurtha)
1207 2839 1299 2890 ubi
1335 2838 1567 2906 primum
1593 2837 1827 2890 adolevit
