1956 3178
172 120 240 172 38
719 118 980 164 DARE‘HS
1012 120 1267 165 PHRYGH

172 244 439 309 oportere,
487 240 742 310 conqueri
789 241 985 308 coepit,
1043 241 1183 310 quod
1229 240 1625 313 Agamemnoni
1677 243 1812 296 nihil

169 333 366 384 negare
421 315 615 383 possit:
678 317 860 366 tamen
914 331 1034 366 cum
1096 318 1308 383 tempus
1362 332 1574 385 pugnae
1631 335 1810 385 super-

168 389 425 456 venisset,
466 407 520 440 se
553 388 749 440 milites
793 406 917 440 suos
950 388 1259 457 missurum,
1295 389 1471 457 ipsum
1504 394 1811 443 excusatum

168 462 405 514 haberet.
482 462 861 532 Agamemnon
900 462 948 514 ei
988 463 1190 531 gratias
1231 462 1354 532 egit.

125 556 146 588 5
318 534 543 588 XXXII.
629 535 864 604 Tempus
918 553 1132 605 pugnae
1189 537 1510 604 supervenit.
1592 536 1812 590 Troiani

171 610 462 662 exercitum
501 609 745 662 educunt.
802 613 988 662 contra
1019 609 1209 679 Argivi
1242 609 1520 678 prodeunt.
1574 610 1810 664 Achilles

90 683 96 686 ’
168 684 343 751 primo
382 682 745 752 Myrmidones
785 683 1025 751 instruit,
1066 683 1133 735 ad
1156 682 1621 752 Agamemnonem
1658 703 1810 753 para-

168 760 253 810 tos
279 757 461 810 mittit.
522 757 583 809 fit
620 774 803 827 pugna
834 757 1026 825 maior,
1066 757 1258 809 acriter
1291 758 1538 810 saevitur.
1599 756 1811 812 Troilus

167 831 226 882 in
278 831 453 899 prima
508 832 618 883 acie
673 831 904 900 Argivos
963 831 1158 899 caedit,
1219 830 1582 899 Myrmidones
1644 832 1812 902 fugat,

105 925 146 957 10
169 905 558 973 inpressionem
609 923 777 974 usque
828 905 885 956 in
936 908 1111 956 castra
1164 904 1315 972 facit,
1363 906 1561 958 multos
1606 906 1811 973 occidit,

166 979 426 1046 plurimos
469 979 685 1030 sauciat.
749 978 888 1030 Aiax
928 978 1271 1031 Telamonius
1313 978 1538 1031 obstitit.
1593 979 1811 1032 Troiani

166 1052 393 1104 victores
443 1053 500 1104 in
551 1052 807 1120 oppidum
854 1054 1206 1103 revertuntur.
1281 1055 1497 1119 postera
1545 1052 1627 1104 die
1668 1053 1810 1122 Aga—

166 1143 420 1178 memnon
467 1126 756 1177 exercitum
805 1125 1001 1191 educit,
1056 1143 1241 1177 omnes
1289 1125 1446 1177 duces
1494 1129 1548 1178 et
1593 1125 1810 1194 Myrmi—

167 1199 330 1252 dones
363 1199 652 1268 prodeunt:
686 1202 873 1251 contra
905 1198 1127 1251 Troiani
1158 1199 1216 1250 in
1249 1199 1417 1251 aciem
1450 1199 1578 1251 laeti
1602 1203 1811 1252 exeunt.

100 1292 142 1325 15
165 1274 368 1341 proelio
409 1273 695 1325 commisso
735 1276 957 1342 uterque
998 1272 1258 1324 exercitus
1301 1272 1442 1324 inter
1481 1290 1536 1325 se
1576 1273 1810 1340 dimicat,

166 1347 359 1399 acriter
413 1365 508 1415 per
555 1347 761 1416 aliquot
808 1346 918 1398 dies
964 1349 1259 1415 pugnatur⁷
1305 1347 1474 1398 multa
1521 1347 1668 1399 milia
1715 1347 1809 1400 ho-

165 1421 372 1472 minum
405 1438 469 1472 ex
498 1425 724 1490 utraque
755 1423 908 1489 parte
934 1420 1144 1472 cadunt.
1208 1419 1419 1472 Troilus
1444 1419 1806 1488 Myrmidones

164 1494 503 1564 persequitur
551 1494 742 1547 sternit
788 1494 955 1563 fugat.
1039 1494 1418 1563 Agamemnon
1463 1497 1523 1545 ut
1571 1493 1704 1546 vidit
1745 1512 1811 1546 ex

168 1587 263 1620 sua
308 1572 460 1637 parte
508 1569 705 1621 multos
754 1560 981 1635 occiSOS,
1031 1567 1268 1619 indutias
1322 1567 1378 1618 in
1430 1567 1541 1620 dies
1586 1567 1810 1637 triginta

102 1663 145 1694 20
167 1642 324 1709 petit,
387 1645 447 1694 ut
511 1660 635 1694 suos
697 1642 943 1693 funerare
997 1641 1182 1709 possit.
1273 1639 1519 1692 Priamus
1573 1640 1852 1694 indutias‘

167 1715 325 1768 dedit.
403 1734 528 1768 suos
570 1716 793 1785 quisque
835 1714 1165 1783 sepeliendos
1206 1718 1371 1766 curat.
1860 1761 1871 1766 -

315 1789 570 1842 XXXIII.
653 1789 885 1857 Tempus
932 1805 1145 1857 pugnae
1194 1787 1513 1856 supervenit.
1590 1787 1809 1840 Troian'i

167 1863 455 1915 exereitum
488 1863 734 1915 educunt.
797 1864 983 1915 contra
1015 1862 1393 1930 Agamemnon
1426 1878 1609 1913 omnes
1651 1861 1808 1914 duces

166 1936 220 1987 in
254 1954 493 2006 pugnam
526 1937 684 2006 cogit.
753 1936 956 2004 proelio
982 1935 1265 1987 commisso
1298 1934 1358 1986 fit
1384 1951 1583 2004 magna
1608 1935 1809 2003 caedes,

100 2030 143 2062 25
169 2011 359 2062 acriter
414 2011 660 2063 saevitur.
767 2012 1055 2078 postquam
1127 2008 1359 2076 primum
1429 2007 1532 2060 diei
1595 2011 1808 2076 tempus

290 2266 311 2304 1
346 2259 519 2317 coepit]
548 2271 594 2302 se
627 2257 816 2314 quidem
849 2230 891 2300 G
1011 2261 1037 2299 2
1069 2255 1217 2322 possit
1253 2257 1301 2299 et
1332 2255 1375 2299 G
1434 2215 1589 2311 {despit
1619 2254 1663 2297 L
1691 2239 1694 2240 ⁷
1782 2260 1812 2298 4

168 2334 223 2364 eo
256 2319 381 2376 quod
412 2317 732 2376 proposuisset
764 2329 791 2359 a
821 2328 982 2372 pugna
1015 2314 1246 2358 abstinere
1279 2315 1385 2358 add.
1411 2313 1455 2357 G
1477 2318 1585 2369 post
1615 2312 1812 2358 haberet

169 2385 195 2423 6
221 2378 481 2435 producunt
506 2376 549 2420 G
655 2380 680 2419 7
705 2373 855 2432 primo
881 2388 964 2417 om.
983 2373 1026 2418 G
1052 2373 1059 2431 Ι
1086 2371 1387 2417 mirmidonas
1406 2372 1448 2416 G
1471 2373 1544 2416 hic
1566 2376 1607 2415 et
1629 2373 1812 2428 saepius

169 2443 195 2482 8
228 2437 489 2493 insequitur
527 2435 570 2478 L
631 2434 808 2478 seuitur
846 2431 889 2476 G
1016 2438 1041 2476 9
1083 2431 1208 2475 cedit
1247 2431 1289 2476 G
1411 2437 1464 2475 10
1495 2444 1640 2487 usque
1676 2431 1740 2474 ad
1769 2430 1813 2475 G

1130 2500 1155 2523 U

171 2545 224 2583 12
259 2538 503 2596 oppidum]
530 2539 686 2582 castra
717 2536 759 2580 G
889 2539 943 2578 14
978 2534 1207 2590 prodeant
1247 2547 1271 2578 e
1309 2535 1471 2578 contra
1502 2533 1546 2577 G
1578 2536 1585 2587 1
1618 2533 1811 2576 troilum

170 2599 276 2642 add.
309 2598 352 2641 L
374 2601 483 2654 post
513 2598 675 2640 contra
701 2597 707 2650 Ι
734 2595 765 2639 l.
799 2594 848 2638 in
879 2607 920 2637 a.
955 2592 998 2636 G
1119 2597 1172 2636 15
1205 2592 1429 2636 dimicant
1461 2591 1504 2636 G
1626 2596 1679 2636 16
1712 2591 1810 2636 dies

171 2657 364 2713 aliquod
404 2655 447 2700 G
579 2645 637 2699 '18
670 2668 726 2699 ex
757 2653 849 2698 suis
881 2651 1093 2708 partibus
1133 2651 1304 2694 multos
1342 2651 1386 2693 L
1452 2650 1609 2707 plures
1640 2664 1697 2695 ex
1728 2663 1812 2694 sua

170 2718 306 2772 parte
331 2715 374 2760 G
493 2719 550 2758 20
581 2712 702 2770 petit
739 2712 789 2756 in
820 2711 983 2755 diebus
1015 2709 1058 2754 G
1085 2712 1091 2764 Ι
1119 2723 1226 2753 suos
1257 2709 1362 2754 add.
1394 2709 1438 2752 L
1467 2722 1566 2765 sup.
1600 2709 1681 2753 lin.
1709 2710 1715 2764 Ι
1742 2708 1813 2752 fu-

171 2775 359 2819 neraret
389 2775 489 2830 (om.
513 2772 678 2829 possit)
705 2771 748 2815 G
853 2775 907 2814 21
933 2768 1048 2812 facit
1072 2768 1115 2812 G
1141 2770 1147 2824 Ι
1175 2781 1282 2812 suos
1307 2768 1522 2825 quisque]
1549 2781 1745 2824 suosque
1760 2766 1813 2825 (L

172 2837 227 2876 23
261 2846 418 2876 omnes
441 2845 525 2875 om.
551 2831 594 2874 G
684 2835 742 2874 24
771 2829 826 2873 fit
855 2842 938 2872 om.
963 2827 1006 2870 L
1111 2831 1167 2870 25
1201 2826 1379 2871 aeuitur
1403 2826 1446 2871 G
1504 2827 1812 2882 insequuntur

171 2891 215 2933 L
242 2892 247 2946 Ι
275 2893 527 2947 postquam
544 2888 806 2933 -transiit
837 2900 918 2931 om.
951 2885 995 2929 L
1021 2887 1026 2940 Ι
1054 2887 1238 2942 tempus
1270 2885 1363 2929 diei
1394 2884 1664 2942 superuenit
1694 2883 1749 2928 G.
