1956 3178
803 0 829 58 X,

188 169 249 208 IV
791 147 1215 192 PRAEFATIO.

340 270 426 322 Ad
464 270 563 322 hos
605 270 944 321 accesserunt

341 344 398 397 D
448 342 765 395 Dresdensis
813 341 1170 394 bibliothecae
1217 341 1394 412 regiae
1444 341 1494 393 D
1550 342 1651 394 107
1705 360 1838 395 saec.

195 418 330 472 XIH
382 417 630 501 mutiluS,
649 417 915 542 “pertiZJfft
932 434 1137 542 5usque
1178 415 1245 467 ad
1290 416 1454 468 verba
1505 415 1838 486 „Troiaeque

191 494 1098 616 expugilasslgffiglrssispbibsigffiecae
1136 563 1499 615 universitatis
1537 563 1837 616 Vossianus

99 677 105 681 -
189 639 306 691 Lat.
344 638 401 691 F.
447 638 550 690 113
592 655 726 690 saec.
759 637 824 704 X,
873 655 1030 706 quem
1077 637 1311 688 maxima
1348 637 1721 690 benevolentia
1756 638 1838 690 vir

199 712 541 765 doctissimus
565 710 653 764 W.
676 710 742 763 N.
784 711 851 763 du
892 710 1027 762 Rieu
1066 710 1198 762 mihi
1237 711 1515 763 concessit.
1555 711 1702 762 deest
1737 711 1837 763 ini-

190 787 342 855 tium,
381 786 570 854 incipit
610 804 641 838 a
679 786 855 838 verbis
897 804 945 852 p.
991 785 1073 852 12,
1117 787 1143 836 1
1195 785 1338 853 „dies
1377 785 1545 837 festus
1593 787 1707 850 erat
1751 785 1836 837 his

192 859 423 912 diebus⁴‘.

336 934 412 987 M
447 932 787 984 Monacensis
833 950 885 984 n.
936 932 1040 984 601
1098 950 1231 984 saec.
1277 931 1328 983 X
1375 931 1494 984 fort.
1533 931 1633 1000 IX,
1681 950 1837 1002 quem

190 1006 414 1060 Carolus
464 1005 711 1058 Halmius
768 1024 873 1075 qua
931 1008 1013 1057 est
1068 1006 1283 1075 egregia
1334 1006 1670 1058 humanitate
1723 1006 1838 1074 ipse

190 1081 325 1133 mihi
364 1080 604 1133 contulit.

347 1154 398 1207 V
429 1153 867 1206 Vindobonensis
907 1152 1266 1205 bibliothecae
1305 1153 1598 1220 imperialis
1637 1172 1688 1205 n.
1728 1154 1835 1206 226

193 1246 328 1281 saec.
369 1226 487 1296 XII,
528 1227 676 1279 cuius
717 1226 1060 1279 collationem
1101 1245 1253 1278 suam
1291 1226 1661 1279 liberalissime
1707 1227 1839 1279 mihi

194 1302 466 1355 concessit
501 1300 732 1353 Ioannes
773 1297 1027 1352 Schmidt.

339 1375 619 1427 Postremo
665 1377 815 1426 textu
860 1391 1030 1426 novae
1069 1373 1227 1425 huius
1267 1374 1514 1426 editionis
1553 1374 1661 1426 iam
1698 1374 1840 1443 typis

193 1450 457 1517 exscripto
498 1448 635 1499 forte
676 1447 879 1515 accidit,
918 1450 979 1499 ut
1015 1447 1098 1498 vir
1122 1447 1460 1499 doctissimus
1485 1447 1572 1500 W.
1595 1447 1843 1500 Foerster

189 1522 641 1589 VindobonensiS,
682 1521 773 1591 qui
811 1521 912 1573 hoc
937 1521 1054 1589 ipso
1078 1524 1318 1589 tempore
1342 1521 1642 1574 litterarum
1681 1539 1842 1574 causa

187 1595 410 1648 Parisiis
449 1598 694 1647 versatur
731 1613 941 1647 mecum
982 1595 1401 1647 communicaret
1437 1614 1491 1647 se
1532 1595 1599 1647 ad
1643 1613 1838 1648 novam

187 1668 404 1722 Daretis
445 1669 733 1721 editionem
772 1669 1068 1736 parandam
1109 1669 1314 1721 codices
1356 1669 1710 1721 bibliothecae
1741 1668 1838 1721 Pa-

187 1743 429 1796 risiensis
469 1743 713 1811 publicae
751 1743 1111 1811 exquisivisse.
1187 1742 1262 1794 Et
1300 1761 1421 1794 cum
1461 1760 1559 1812 ego
1585 1743 1632 1794 ei
1658 1743 1842 1794 statim

191 1818 460 1885 specimen
505 1815 952 1886 typographicum
1000 1835 1031 1867 a
1078 1834 1163 1867 me
1219 1818 1513 1869 correctum
1561 1816 1841 1883 misissem,

188 1892 373 1959 paucis
420 1893 545 1959 post
591 1889 776 1941 diebus
825 1890 1164 1942 collationem
1213 1890 1402 1957 optimi
1441 1890 1636 1942 codicis
1673 1889 1842 1942 PariS.

194 1982 332 2017 saec.
356 1964 435 2016 IX
473 1983 525 2015 n.
553 1963 694 2015 790ss
736 1981 892 2032 quem
916 1963 1004 2014 ille
1029 1963 1082 2014 P
1097 1964 1399 2015 nominavit
1436 1962 1843 2032 diligentissime

193 2039 397 2090 factam
436 2038 503 2089 ab
544 2055 605 2089 eo
647 2037 841 2105 accepi,
883 2055 1044 2105 quam
1081 2037 1139 2088 in
1162 2055 1339 2089 meum
1364 2037 1448 2088 vel
1486 2037 1663 2104 potius
1703 2037 1842 2089 litte-

190 2130 372 2163 rarum
411 2130 570 2162 usum
611 2113 988 2163 converterem.
1065 2109 1252 2163 Paullo
1292 2113 1418 2178 post
1454 2110 1594 2162 idem
1633 2110 1714 2162 vir
1751 2110 1842 2163 do-

192 2185 462 2237 ctissimus
518 2183 651 2235 mihi
706 2184 974 2252 specimen
1030 2184 1141 2236 cod.
1195 2184 1313 2236 Par.
1357 2184 1532 2236 10307
1587 2202 1719 2236 saec.
1765 2183 1844 2236 XI

191 2255 343 2329 (Pl),
392 2257 571 2310 17812
620 2274 753 2309 saec.
798 2256 905 2308 XII
952 2255 1097 2327 (P2),
1149 2258 1327 2310 18270
1375 2275 1508 2309 saec.
1547 2256 1681 2308 XIII
1719 2254 1843 2328 (1³3)

190 2331 508 2384 transmisit.

340 2402 457 2467 Quo
504 2404 776 2472 insperato
823 2422 1003 2455 rerum
1050 2404 1230 2456 favore
1270 2405 1471 2456 factum
1511 2406 1613 2471 est,
1666 2406 1728 2455 ut
1774 2403 1840 2455 ad

192 2479 483 2547 genuinam
524 2477 798 2545 scriptoris
838 2477 1069 2529 formam
1103 2478 1323 2546 propius
1356 2478 1603 2530 accedere
1645 2479 1698 2528 et
1734 2477 1837 2529 hoc

193 2569 403 2620 quoque
441 2552 558 2603 loco
598 2550 860 2603 nonnulla
900 2551 1090 2602 addere
1139 2551 1335 2603 liceret.
1349 2549 1389 2620 1)

316 2695 347 2751 1)
382 2695 679 2738 Scribendum
719 2699 782 2738 est
819 2696 938 2738 enim
971 2700 1020 2747 2,
1064 2700 1085 2737 1
1119 2695 1169 2737 in
1201 2695 1541 2750 Peloponenso,
1586 2708 1640 2738 ea:
1674 2694 1720 2737 Ρ
1747 2695 1840 2738 solo
1920 2724 1923 2725 γ

192 2754 428 2797 delendum
460 2754 584 2809 quod
616 2759 655 2810 2,
693 2759 760 2809 16,
794 2767 848 2797 ex
882 2754 999 2797 MP
1025 2754 1159 2797 scrib.
1195 2760 1233 2809 1,
1271 2759 1323 2796 10
1357 2756 1515 2810 gestae
1548 2753 1702 2797 essent
1719 2766 1836 2809 quas

197 2817 250 2856 13
283 2813 474 2856 minime
499 2826 589 2868 pro
621 2826 755 2868 anne,
789 2818 828 2867 2,
866 2818 918 2856 10
942 2811 1219 2856 fortissimus
1246 2818 1286 2866 9,
1322 2817 1374 2854 12
1401 2812 1720 2856 deberet—ex
1742 2810 1836 2854 LP

195 2875 265 2923 13,
298 2876 352 2914 23
386 2871 732 2927 conparandam
767 2875 834 2926 19,
870 2876 925 2914 14
957 2870 1032 2914 cui
1062 2870 1129 2914 rei
1160 2870 1364 2914 Achilles
1399 2876 1467 2926 20,
1501 2876 1554 2914 21
1587 2869 1656 2914 ibi
1680 2874 1752 2924 33,
1779 2874 1834 2913 18

1943 354 1956 409 i

191 2929 274 2972 dez.
307 2928 411 2973 ideo
444 2934 513 2985 34,
546 2935 574 2972 4
605 2929 654 2972 in
686 2944 727 2973 v.
763 2944 835 2985 qu.
868 2930 919 2973 in
954 2934 1006 2973 18
1032 2930 1115 2973 dez.
1142 2929 1371 2973 exultanti
1403 2930 1450 2972 et
1483 2934 1537 2972 21
1563 2929 1646 2973 dez.
1672 2928 1834 2972 hostes
1907 2968 1912 2970 .
1950 2915 1956 2952 ἱ
