1956 3178
221 119 294 185 24
769 125 1032 177 DARETIS
1064 116 1320 175 PHR'YGH

222 255 403 323 itaque
443 271 628 306 omnes
668 253 716 304 ei
749 252 1070 304 adsentiunt.
1126 253 1367 305 consulte
1399 250 1867 323 Agamemnonem

221 327 550 396 praeficiunt.
626 327 833 395 legatos
874 325 941 378 ad
971 325 1202 395 Mysiam
1242 326 1535 396 ceterisque
1572 326 1703 380 locis
1740 326 1866 380 mit-⁷

222 404 367 469 tunt,
423 404 484 452 ut
530 399 783 452 exercitui
830 402 1158 452 commeatus
1214 399 1608 468 subportandos
1662 403 1870 470 curent,

227 474 492 527 Thesidae
503 472 945 542 Demophoontem
956 477 1002 526 et
1008 473 1360 526 Acamantem
1371 477 1425 526 et
1432 473 1657 526 Anium:
1674 473 1864 526 deinde

177 563 199 595 5
225 547 512 599 exercitum
546 547 613 599 ad
651 547 963 599 concionem
1010 551 1269 600 convocat
1314 547 1600 600 conlaudat
1636 547 1866 616 imperat

224 621 472 673 hortatur
503 623 688 672 monet
726 620 1032 690 diligenter,
1071 623 1132 672 ut
1171 621 1312 674 dicto
1353 621 1700 674 obaudientes
1740 620 1870 673 sint..

224 695 379 764 signo
420 694 545 746 dato
577 711 740 746 naves
779 695 1015 763 solvunt,
1052 697 1170 746 tota
1208 694 1393 747 classis
1419 695 1498 747 ad·
1522 693 1873 747 latitudinem.

223 768 426 820 accedit
465 767 531 820 ad
570 767 761 820 Troiae
800 767 973 820 litora.
1049 767 1267 820 Troiani
1304 768 1514 821 fortiter
1553 767 1869 821 defendunt.

221 840 551 894 Protesilaus
584 841 642 892 in
679 844 878 893 terram
915 841 1281 894 excursionem
1318 842 1448 894 facit
1485 842 1640 911 fugat
1677 840 1871 894 caedit,

157 930 200 961 10
225 915 308 967 cui
354 913 556 967 Hector
603 914 816 966 obviam
861 915 1009 967 venit
1055 918 1108 967 et
1153 933 1274 967 eum
1321 915 1610 984 interfecit,
1660 917 1871 967 ceteros.

221 989 515 1056 perturbat.
591 988 732 1040 unde
770 986 973 1040 Hector
1009 988 1310 1056 recedebat,
1348 989 1424 1040 ibi
1455 988 1675 1041 Troiani
1710 987 1872 1057 fuga--

221 1062 433 1115 bantur.
502 1064 790 1130 postquam
828 1078 1027 1130 magna
1065 1061 1250 1114 caedes
1292 1062 1557 1131 utrimque
1594 1061 1738 1114 facta
1767 1063 1872 1129 est,

223 1135 439 1187 advenit
470 1134 722 1186 Achilles
778 1134 824 1186 is
855 1137 1030 1186 totum
1062 1135 1351 1187 exercitum
1382 1135 1441 1187 in
1470 1135 1655 1204 fugam
1688 1133 1871 1203 vertit,

222 1208 430 1278 redegit
468 1208 525 1259 in
558 1207 789 1260 Troiam.
851 1225 957 1259 nox
996 1208 1258 1276 proelium
1298 1208 1513 1261 dirimit.
1574 1207 1868 1277 Agamem-

160 1298 201 1330 15
225 1300 336 1335 non
377 1282 666 1334 exercitum
710 1284 887 1333 totum
933 1281 991 1333 in
1028 1285 1227 1333 terram
1268 1281 1464 1350 educit,
1507 1284 1684 1334 castra
1719 1280 1869 1334 facit.

221 1358 438 1423 postera
485 1355 568 1407 die
614 1353 817 1407 Hector
865 1355 1153 1407 exercitum
1200 1373 1263 1407 ex
1309 1355 1439 1407 urbe
1479 1355 1655 1408 educit
1692 1357 1747 1407 et
1782 1354 1867 1407 in—

223 1429 396 1481 struit.
471 1429 848 1498 Agamemnon
887 1431 1074 1481 contra
1113 1429 1342 1481 clamore
1380 1445 1578 1498 magno
1621 1427 1868 1481 occurrit.

220 1502 485 1570 proelium
524 1519 643 1554 acre
682 1501 1101 1571 iracundumque
1147 1502 1229 1570 fit,
1275 1501 1600 1554 fortissimus
1640 1501 1867 1571 quisque

222 1576 280 1627 in
317 1576 506 1643 primis
540 1575 695 1627 cadit.
751 1574 954 1628 Hector
989 1574 1295 1628 Patroclum
1327 1575 1519 1628 occidit
1549 1578 1603 1628 et
1633 1574 1866 1644 spoliare

155 1665 199 1697 20
221 1652 392 1717 parat.
468 1648 734 1701 Meriones
782 1666 902 1700 eum
950 1666 1014 1701 ex
1054 1649 1186 1717 acie,
1233 1666 1300 1701 ne
1340 1649 1718 1717 expoliaretur,
1763 1647 1865 1700 eri·

221 1722 354 1790 puit.
414 1721 616 1775 Hector
650 1721 944 1774 Merionem
975 1722 1313 1792 persequitur
1345 1725 1399 1774 et
1437 1722 1642 1775 occidit.
1703 1726 1864 1791 quem

222 1813 344 1847 cum
392 1795 636 1848 similiter
682 1795 910 1863 spoliare
957 1797 1138 1864 vellet,
1185 1795 1401 1848 advenit
1440 1795 1712 1864 subpetias
1749 1793 1866 1847 Me—

200 1868 499 1938 nestheus,
530 1867 751 1921 Hectori
774 1869 947 1920 femur
972 1869 1198 1936 sauciat,
1224 1869 1433 1921 saucius
1458 1886 1668 1938 quoque
1691 1868 1864 1920 multa

221 1942 372 1994 milia
411 1942 603 1995 occidit
634 1946 687 1994 et
724 1946 1115 2010 perseverasset
1153 1942 1386 1994 Achivos
1425 1942 1483 1994 in
1517 1942 1702 2011 fugam
1739 1941 1860 1994 mit—

344 2194 365 2232 1
409 2188 453 2232 ei
499 2202 582 2233 om.
632 2189 673 2233 G
709 2190 714 2247 Ι
751 2189 964 2234 consulta
1010 2189 1053 2234 G
1199 2194 1225 2233 2
1273 2189 1530 2246 ceterisque
1583 2188 1699 2233 locis
1751 2187 1866 2233 libri

211 2252 398 2304 poaaeter
433 2247 493 2301 O,
532 2249 612 2304 qui
649 2248 782 2292 habet
819 2249 1091 2304 ceterosque
1129 2248 1255 2292 locos
1374 2253 1399 2292 3
1432 2247 1685 2293 exercitum
1726 2247 1787 2292 ad
1812 2247 1862 2291 L

219 2307 325 2361 fort.
359 2307 414 2350 ut
444 2305 668 2351 exercitui
699 2306 748 2350 in
779 2309 1043 2350 commeatu
1074 2306 1191 2364 subp
1195 2306 1392 2351 ortando
1425 2307 1695 2351 succurrant
1720 2308 1727 2363 Ι
1754 2306 1859 2350 sub·

218 2364 451 2421 portando
498 2365 544 2408 A
584 2367 589 2420 Ι
629 2366 904 2409 succurrunt
947 2366 993 2408 A
1070 2367 1235 2410 curant
1276 2365 1319 2408 L
1438 2370 1467 2409 4
1511 2364 1724 2410 hesidam
1764 2363 1861 2409 LG

221 2423 448 2469 Thesidas
490 2424 746 2468 Mercerius
772 2425 778 2479 Ι
806 2423 1124 2468 demorantem
1166 2425 1213 2468 et
1252 2423 1410 2467 anium
1441 2423 1484 2467 L
1545 2424 1860 2468 commorante

219 2484 268 2525 et
307 2496 480 2526 annum
518 2483 755 2526 uertentes
801 2481 843 2525 G
913 2481 1315 2539 Demophoontem
1360 2482 1692 2526 Athamantem
1732 2481 1861 2525 Mer·

134 2579 140 2583 .
219 2542 381 2594 ceriuS,
406 2542 453 2584 et
482 2541 787 2585 Acamantem
803 2540 1085 2584 Dederichus
1190 2546 1215 2584 5
1240 2542 1381 2585 uocat
1397 2541 1440 2586 G
1544 2545 1570 2584 6
1594 2541 1751 2584 essent
1763 2539 1860 2584 LG

220 2599 316 2643 sint
338 2597 444 2642 BF
549 2604 572 2643 7
598 2598 666 2657 in]
688 2599 747 2642 ad
765 2599 828 2642 M
853 2600 857 2653 Ι
884 2598 1136 2643 latitudine
1154 2598 1196 2643 G
1308 2604 1334 2644 8
1357 2599 1527 2644 troiam
1551 2597 1648 2642 LG
1705 2597 1861 2643 troiae

221 2657 285 2700 M
341 2657 528 2701 troiana
550 2658 596 2701 A
624 2660 630 2713 Ι
657 2657 820 2702 littora
842 2656 938 2701 LG
1046 2662 1100 2701 14
1123 2656 1283 2714 redegi
1271 2656 1307 2701 t
1328 2657 1380 2700 F
1435 2656 1578 2702 rediit
1598 2656 1695 2701 LG
1801 2661 1861 2700 15

217 2718 370 2759 totum
413 2729 496 2759 om.
542 2715 584 2759 G
706 2721 759 2760 16
804 2729 950 2760 exerc.
995 2715 1065 2759 ed.
1118 2715 1280 2760 hector
1317 2717 1365 2760 et
1404 2715 1446 2761 G
1485 2716 1585 2772 (om.
1625 2728 1681 2760 ex
1722 2713 1860 2771 urbe)

223 2779 276 2817 18
320 2787 408 2830 que
452 2787 533 2818 om
577 2774 621 2816 L
662 2776 668 2829 Ι
707 2773 917 2832 quisquis
959 2773 1002 2816 L
1131 2779 1184 2818 19
1229 2776 1276 2818 et
1317 2787 1400 2818 om.
1440 2774 1484 2818 L
1611 2778 1668 2818 20
1709 2771 1856 2827 Quem

218 2832 396 2875 merion
419 2831 464 2875 L
522 2832 744 2876 Mnereon
770 2832 811 2876 G
840 2835 844 2885 Ι
873 2831 1152 2888 spoliaretur
1171 2831 1213 2876 G
1334 2837 1388 2876 22
1422 2832 1637 2877 similiter
1667 2845 1750 2876 om.
1775 2831 1818 2876 G
1845 2830 1857 2888 Ι

219 2890 463 2946 suppecias
494 2893 762 2935 mnnesteus
795 2890 837 2934 G
958 2895 1012 2934 23
1045 2890 1248 2948 quoque]
1283 2891 1406 2946 quod
1437 2891 1493 2935 L.
