<?xml version="1.0" encoding="UTF-8"?>
<!DOCTYPE html PUBLIC "-//W3C//DTD XHTML 1.0 Transitional//EN"
    "http://www.w3.org/TR/xhtml1/DTD/xhtml1-transitional.dtd">
<html xmlns="http://www.w3.org/1999/xhtml" xml:lang="en" lang="en">
 <head>
  <title>
</title>
<meta http-equiv="Content-Type" content="text/html;charset=utf-8" />
  <meta name='ocr-system' content='tesseract 3.04.00' />
  <meta name='ocr-capabilities' content='ocr_page ocr_carea ocr_par ocr_line ocrx_word'/>
</head>
<body>
  <div class='ocr_page' id='page_1' title='image "./dictyscretensise00dictuoft_0269.png"; bbox 0 0 1956 3178; ppageno 0'>
   <div class='ocr_carea' id='block_1_1' title="bbox 455 150 1759 203">
    <p class='ocr_par' dir='ltr' id='par_1_1' title="bbox 455 150 1759 203">
     <span class='ocr_line' id='line_1_1' title="bbox 455 150 1759 203; baseline -0.001 -7"><span class='ocrx_word' id='word_1_1' title='bbox 455 151 535 196; x_wconf 88' lang='lat' dir='ltr'>DE</span> <span class='ocrx_word' id='word_1_2' title='bbox 568 150 820 197; x_wconf 86' lang='lat' dir='ltr'>EXClDIO</span> <span class='ocrx_word' id='word_1_3' title='bbox 855 150 1083 197; x_wconf 83' lang='lat' dir='ltr'>TROIAE</span> <span class='ocrx_word' id='word_1_4' title='bbox 1115 151 1420 196; x_wconf 82' lang='lat' dir='ltr'>HISTORIA.</span> <span class='ocrx_word' id='word_1_5' title='bbox 1690 150 1759 203; x_wconf 91' lang='lat'>41</span> 
     </span>
    </p>
   </div>
   <div class='ocr_carea' id='block_1_2' title="bbox 111 272 1831 1748">
    <p class='ocr_par' dir='ltr' id='par_1_2' title="bbox 111 272 1831 1748">
     <span class='ocr_line' id='line_1_2' title="bbox 117 272 1764 341; baseline -0.002 -14"><span class='ocrx_word' id='word_1_6' title='bbox 117 274 340 327; x_wconf 84' lang='lat' dir='ltr'>insidias</span> <span class='ocrx_word' id='word_1_7' title='bbox 395 273 676 341; x_wconf 90' lang='lat' dir='ltr'>collocare,</span> <span class='ocrx_word' id='word_1_8' title='bbox 740 273 869 326; x_wconf 89' lang='lat' dir='ltr'>satis</span> <span class='ocrx_word' id='word_1_9' title='bbox 933 273 1035 325; x_wconf 91' lang='lat' dir='ltr'>sibi</span> <span class='ocrx_word' id='word_1_10' title='bbox 1089 273 1281 326; x_wconf 70' lang='lat' dir='ltr'>victum</span> <span class='ocrx_word' id='word_1_11' title='bbox 1337 289 1475 341; x_wconf 90' lang='lat' dir='ltr'>esse,</span> <span class='ocrx_word' id='word_1_12' title='bbox 1541 272 1586 323; x_wconf 89' lang='lat' dir='ltr'>si</span> <span class='ocrx_word' id='word_1_13' title='bbox 1641 290 1764 324; x_wconf 89' lang='lat' dir='ltr'>eum</span> 
     </span>
     <span class='ocr_line' id='line_1_3' title="bbox 119 346 1763 417; baseline -0.001 -16"><span class='ocrx_word' id='word_1_14' title='bbox 119 348 393 401; x_wconf 90' lang='lat' dir='ltr'>occideret.</span> <span class='ocrx_word' id='word_1_15' title='bbox 463 347 606 417; x_wconf 88' lang='lat' dir='ltr'>quod</span> <span class='ocrx_word' id='word_1_16' title='bbox 643 350 1029 415; x_wconf 75' lang='lat' dir='ltr'>temptaturum</span> <span class='ocrx_word' id='word_1_17' title='bbox 1071 364 1125 399; x_wconf 93' lang='lat' dir='ltr'>se</span> <span class='ocrx_word' id='word_1_18' title='bbox 1156 346 1462 399; x_wconf 82' lang='lat' dir='ltr'><strong>Alexander</strong></span> <span class='ocrx_word' id='word_1_19' title='bbox 1500 346 1763 415; x_wconf 80' lang='lat' dir='ltr'>promisit.</span> 
     </span>
     <span class='ocr_line' id='line_1_4' title="bbox 116 419 1763 491; baseline -0.001 -16"><span class='ocrx_word' id='word_1_20' title='bbox 116 426 279 475; x_wconf 88' lang='lat' dir='ltr'>noctu</span> <span class='ocrx_word' id='word_1_21' title='bbox 334 422 404 474; x_wconf 90' lang='lat' dir='ltr'>de</span> <span class='ocrx_word' id='word_1_22' title='bbox 460 420 694 473; x_wconf 88' lang='lat' dir='ltr'>exercitu</span> <span class='ocrx_word' id='word_1_23' title='bbox 748 421 1021 491; x_wconf 86' lang='lat' dir='ltr'>eliguntur</span> <span class='ocrx_word' id='word_1_24' title='bbox 1082 420 1363 473; x_wconf 89' lang='lat' dir='ltr'>fortissimi</span> <span class='ocrx_word' id='word_1_25' title='bbox 1418 423 1471 472; x_wconf 92' lang='lat' dir='ltr'>et</span> <span class='ocrx_word' id='word_1_26' title='bbox 1524 419 1581 472; x_wconf 90' lang='lat' dir='ltr'>in</span> <span class='ocrx_word' id='word_1_27' title='bbox 1636 421 1763 474; x_wconf 88' lang='lat' dir='ltr'>fano</span> 
     </span>
     <span class='ocr_line' id='line_1_5' title="bbox 115 493 1764 565; baseline -0.001 -16"><span class='ocrx_word' id='word_1_28' title='bbox 115 496 387 565; x_wconf 88' lang='lat' dir='ltr'>Apollinis</span> <span class='ocrx_word' id='word_1_29' title='bbox 426 495 776 562; x_wconf 82' lang='lat' dir='ltr'>collocantur,</span> <span class='ocrx_word' id='word_1_30' title='bbox 821 495 1034 564; x_wconf 81' lang='lat' dir='ltr'>signum</span> <span class='ocrx_word' id='word_1_31' title='bbox 1075 494 1358 563; x_wconf 75' lang='lat' dir='ltr'>accipiunt.</span> <span class='ocrx_word' id='word_1_32' title='bbox 1433 493 1657 547; x_wconf 91' lang='lat' dir='ltr'>Hecuba</span> <span class='ocrx_word' id='word_1_33' title='bbox 1696 495 1764 547; x_wconf 90' lang='lat' dir='ltr'>ad</span> 
     </span>
     <span class='ocr_line' id='line_1_6' title="bbox 116 568 1811 638; baseline -0.001 -16"><span class='ocrx_word' id='word_1_34' title='bbox 116 569 405 638; x_wconf 84' lang='lat' dir='ltr'>Achillem,</span> <span class='ocrx_word' id='word_1_35' title='bbox 445 568 603 622; x_wconf 88' lang='lat' dir='ltr'>sicuti</span> <span class='ocrx_word' id='word_1_36' title='bbox 634 568 964 638; x_wconf 80' lang='lat' dir='ltr'>condixerat,</span> <span class='ocrx_word' id='word_1_37' title='bbox 1003 568 1251 620; x_wconf 88' lang='lat' dir='ltr'>nuntium</span> <span class='ocrx_word' id='word_1_38' title='bbox 1281 569 1463 621; x_wconf 86' lang='lat' dir='ltr'>mittit.</span> <span class='ocrx_word' id='word_1_39' title='bbox 1524 568 1762 621; x_wconf 89' lang='lat' dir='ltr'>Achilles</span> <span class='ocrx_word' id='word_1_40' title='bbox 1787 587 1811 621; x_wconf 89' lang='lat'>5</span> 
     </span>
     <span class='ocr_line' id='line_1_7' title="bbox 116 642 1763 712; baseline -0.001 -16"><span class='ocrx_word' id='word_1_41' title='bbox 116 644 287 696; x_wconf 89' lang='lat' dir='ltr'>laetus</span> <span class='ocrx_word' id='word_1_42' title='bbox 333 642 661 712; x_wconf 83' lang='lat' dir='ltr'>Polyxenam</span> <span class='ocrx_word' id='word_1_43' title='bbox 710 660 898 695; x_wconf 89' lang='lat' dir='ltr'>amans</span> <span class='ocrx_word' id='word_1_44' title='bbox 943 646 1160 711; x_wconf 89' lang='lat' dir='ltr'>postera</span> <span class='ocrx_word' id='word_1_45' title='bbox 1212 642 1296 695; x_wconf 90' lang='lat' dir='ltr'>die</span> <span class='ocrx_word' id='word_1_46' title='bbox 1351 642 1419 695; x_wconf 89' lang='lat' dir='ltr'>ad</span> <span class='ocrx_word' id='word_1_47' title='bbox 1474 643 1658 695; x_wconf 90' lang='lat' dir='ltr'>fanum</span> <span class='ocrx_word' id='word_1_48' title='bbox 1708 661 1763 695; x_wconf 92' lang='lat' dir='ltr'>se</span> 
     </span>
     <span class='ocr_line' id='line_1_8' title="bbox 114 715 1763 786; baseline -0.001 -17"><span class='ocrx_word' id='word_1_49' title='bbox 114 721 398 770; x_wconf 85' lang='lat' dir='ltr'>venturum</span> <span class='ocrx_word' id='word_1_50' title='bbox 450 715 743 769; x_wconf 90' lang='lat' dir='ltr'>constituit.</span> <span class='ocrx_word' id='word_1_51' title='bbox 826 717 1033 769; x_wconf 89' lang='lat' dir='ltr'>interea</span> <span class='ocrx_word' id='word_1_52' title='bbox 1085 715 1324 769; x_wconf 91' lang='lat' dir='ltr'>Achilles</span> <span class='ocrx_word' id='word_1_53' title='bbox 1380 717 1624 786; x_wconf 90' lang='lat' dir='ltr'>sequenti</span> <span class='ocrx_word' id='word_1_54' title='bbox 1680 717 1763 769; x_wconf 88' lang='lat' dir='ltr'>die</span> 
     </span>
     <span class='ocr_line' id='line_1_9' title="bbox 116 788 1764 844; baseline -0.001 -1"><span class='ocrx_word' id='word_1_55' title='bbox 116 809 236 844; x_wconf 89' lang='lat' dir='ltr'>cum</span> <span class='ocrx_word' id='word_1_56' title='bbox 275 789 566 843; x_wconf 89' lang='lat' dir='ltr'>Antilocho</span> <span class='ocrx_word' id='word_1_57' title='bbox 604 788 852 842; x_wconf 86' lang='lat' dir='ltr'>Nestoris</span> <span class='ocrx_word' id='word_1_58' title='bbox 891 790 1001 843; x_wconf 93' lang='lat' dir='ltr'>filio</span> <span class='ocrx_word' id='word_1_59' title='bbox 1042 790 1109 842; x_wconf 92' lang='lat' dir='ltr'>ad</span> <span class='ocrx_word' id='word_1_60' title='bbox 1149 791 1501 843; x_wconf 90' lang='lat' dir='ltr'>constitutum</span> <span class='ocrx_word' id='word_1_61' title='bbox 1540 791 1764 843; x_wconf 86' lang='lat' dir='ltr'>veniunt</span> 
     </span>
     <span class='ocr_line' id='line_1_10' title="bbox 116 862 1763 934; baseline 0 -17"><span class='ocrx_word' id='word_1_62' title='bbox 116 864 379 934; x_wconf 91' lang='lat' dir='ltr'>simulque</span> <span class='ocrx_word' id='word_1_63' title='bbox 416 863 611 933; x_wconf 8' lang='lat' dir='ltr'>*fanum</span> <span class='ocrx_word' id='word_1_64' title='bbox 658 862 929 932; x_wconf 89' lang='lat' dir='ltr'>Apollinis</span> <span class='ocrx_word' id='word_1_65' title='bbox 974 864 1372 933; x_wconf 84' lang='lat' dir='ltr'>ingrediuntur,</span> <span class='ocrx_word' id='word_1_66' title='bbox 1419 864 1655 934; x_wconf 89' lang='lat' dir='ltr'>undique</span> <span class='ocrx_word' id='word_1_67' title='bbox 1699 883 1763 917; x_wconf 89' lang='lat' dir='ltr'>ex</span> 
     </span>
     <span class='ocr_line' id='line_1_11' title="bbox 113 937 1831 1005; baseline -0.001 -15"><span class='ocrx_word' id='word_1_68' title='bbox 113 938 322 991; x_wconf 88' lang='lat' dir='ltr'>insidiis</span> <span class='ocrx_word' id='word_1_69' title='bbox 377 940 691 1005; x_wconf 89' lang='lat' dir='ltr'>occurrunt,</span> <span class='ocrx_word' id='word_1_70' title='bbox 751 938 861 990; x_wconf 91' lang='lat' dir='ltr'>tela</span> <span class='ocrx_word' id='word_1_71' title='bbox 915 938 1215 991; x_wconf 88' lang='lat' dir='ltr'>coniciunt:</span> <span class='ocrx_word' id='word_1_72' title='bbox 1273 937 1440 1004; x_wconf 79' lang='lat' dir='ltr'>¹Paris</span> <span class='ocrx_word' id='word_1_73' title='bbox 1501 938 1761 991; x_wconf 85' lang='lat' dir='ltr'>hortatur.</span> <span class='ocrx_word' id='word_1_74' title='bbox 1787 958 1831 989; x_wconf 87' lang='lat'>10</span> 
     </span>
     <span class='ocr_line' id='line_1_12' title="bbox 113 1009 1761 1082; baseline 0.002 -19"><span class='ocrx_word' id='word_1_75' title='bbox 113 1012 352 1065; x_wconf 89' lang='lat' dir='ltr'>Achilles</span> <span class='ocrx_word' id='word_1_76' title='bbox 407 1029 527 1065; x_wconf 90' lang='lat' dir='ltr'>cum</span> <span class='ocrx_word' id='word_1_77' title='bbox 573 1009 866 1064; x_wconf 90' lang='lat' dir='ltr'>Antilocho</span> <span class='ocrx_word' id='word_1_78' title='bbox 930 1012 1150 1064; x_wconf 87' lang='lat' dir='ltr'>brachio</span> <span class='ocrx_word' id='word_1_79' title='bbox 1210 1012 1427 1065; x_wconf 86' lang='lat' dir='ltr'>sinistro</span> <span class='ocrx_word' id='word_1_80' title='bbox 1483 1012 1761 1082; x_wconf 86' lang='lat' dir='ltr'>chlamyde</span> 
     </span>
     <span class='ocr_line' id='line_1_13' title="bbox 112 1085 1762 1154; baseline 0.001 -16"><span class='ocrx_word' id='word_1_81' title='bbox 112 1086 358 1139; x_wconf 84' lang='lat' dir='ltr'>involuto</span> <span class='ocrx_word' id='word_1_82' title='bbox 420 1102 576 1138; x_wconf 89' lang='lat' dir='ltr'>enses</span> <span class='ocrx_word' id='word_1_83' title='bbox 646 1085 834 1138; x_wconf 88' lang='lat' dir='ltr'>dextra</span> <span class='ocrx_word' id='word_1_84' title='bbox 901 1089 1147 1139; x_wconf 90' lang='lat' dir='ltr'>tenentes</span> <span class='ocrx_word' id='word_1_85' title='bbox 1213 1086 1474 1154; x_wconf 89' lang='lat' dir='ltr'>impetum</span> <span class='ocrx_word' id='word_1_86' title='bbox 1539 1086 1762 1140; x_wconf 85' lang='lat' dir='ltr'>faciunt.</span> 
     </span>
     <span class='ocr_line' id='line_1_14' title="bbox 114 1158 1760 1213; baseline 0.001 -2"><span class='ocrx_word' id='word_1_87' title='bbox 114 1159 303 1212; x_wconf 86' lang='lat' dir='ltr'>exinde</span> <span class='ocrx_word' id='word_1_88' title='bbox 365 1158 602 1212; x_wconf 91' lang='lat' dir='ltr'>Achilles</span> <span class='ocrx_word' id='word_1_89' title='bbox 658 1160 856 1212; x_wconf 91' lang='lat' dir='ltr'>multos</span> <span class='ocrx_word' id='word_1_90' title='bbox 919 1160 1126 1212; x_wconf 86' lang='lat' dir='ltr'>occidit.</span> <span class='ocrx_word' id='word_1_91' title='bbox 1236 1160 1544 1213; x_wconf 88' lang='lat' dir='ltr'>Alexander</span> <span class='ocrx_word' id='word_1_92' title='bbox 1604 1160 1760 1213; x_wconf 90' lang='lat' dir='ltr'>Anti-</span> 
     </span>
     <span class='ocr_line' id='line_1_15' title="bbox 114 1233 1761 1305; baseline 0.001 -20"><span class='ocrx_word' id='word_1_93' title='bbox 114 1233 328 1286; x_wconf 91' lang='lat' dir='ltr'>lochum</span> <span class='ocrx_word' id='word_1_94' title='bbox 389 1233 652 1286; x_wconf 87' lang='lat' dir='ltr'>interimit</span> <span class='ocrx_word' id='word_1_95' title='bbox 695 1233 979 1303; x_wconf 90' lang='lat' dir='ltr'>ipsumque</span> <span class='ocrx_word' id='word_1_96' title='bbox 1026 1233 1292 1286; x_wconf 90' lang='lat' dir='ltr'>Achillem</span> <span class='ocrx_word' id='word_1_97' title='bbox 1340 1235 1525 1286; x_wconf 88' lang='lat' dir='ltr'>multis</span> <span class='ocrx_word' id='word_1_98' title='bbox 1586 1235 1761 1305; x_wconf 85' lang='lat' dir='ltr'>plagis</span> 
     </span>
     <span class='ocr_line' id='line_1_16' title="bbox 113 1306 1830 1379; baseline 0 -20"><span class='ocrx_word' id='word_1_99' title='bbox 113 1306 366 1360; x_wconf 85' lang='lat' dir='ltr'>confodit.</span> <span class='ocrx_word' id='word_1_100' title='bbox 427 1306 505 1359; x_wconf 91' lang='lat' dir='ltr'>ita</span> <span class='ocrx_word' id='word_1_101' title='bbox 527 1306 766 1360; x_wconf 90' lang='lat' dir='ltr'>Achilles</span> <span class='ocrx_word' id='word_1_102' title='bbox 804 1307 1041 1360; x_wconf 84' lang='lat' dir='ltr'>animam</span> <span class='ocrx_word' id='word_1_103' title='bbox 1081 1325 1144 1360; x_wconf 90' lang='lat' dir='ltr'>ex</span> <span class='ocrx_word' id='word_1_104' title='bbox 1182 1308 1392 1361; x_wconf 89' lang='lat' dir='ltr'>insidiis</span> <span class='ocrx_word' id='word_1_105' title='bbox 1431 1309 1758 1379; x_wconf 89' lang='lat' dir='ltr'>nequiquam</span> <span class='ocrx_word' id='word_1_106' title='bbox 1785 1326 1830 1359; x_wconf 89' lang='lat'>15</span> 
     </span>
     <span class='ocr_line' id='line_1_17' title="bbox 111 1380 1760 1451; baseline 0.002 -19"><span class='ocrx_word' id='word_1_107' title='bbox 111 1381 324 1433; x_wconf 81' lang='lat' dir='ltr'>fortiter</span> <span class='ocrx_word' id='word_1_108' title='bbox 375 1380 578 1433; x_wconf 88' lang='lat' dir='ltr'>faciens</span> <span class='ocrx_word' id='word_1_109' title='bbox 642 1381 837 1434; x_wconf 89' lang='lat' dir='ltr'>amisit.</span> <span class='ocrx_word' id='word_1_110' title='bbox 937 1400 1095 1451; x_wconf 89' lang='lat' dir='ltr'>quem</span> <span class='ocrx_word' id='word_1_111' title='bbox 1157 1381 1463 1435; x_wconf 89' lang='lat' dir='ltr'>Alexander</span> <span class='ocrx_word' id='word_1_112' title='bbox 1523 1383 1650 1435; x_wconf 87' lang='lat' dir='ltr'>feris</span> <span class='ocrx_word' id='word_1_113' title='bbox 1706 1388 1760 1436; x_wconf 94' lang='lat' dir='ltr'>et</span> 
     </span>
     <span class='ocr_line' id='line_1_18' title="bbox 111 1455 1758 1527; baseline 0.002 -21"><span class='ocrx_word' id='word_1_114' title='bbox 111 1455 416 1508; x_wconf 86' lang='lat' dir='ltr'>volucribus</span> <span class='ocrx_word' id='word_1_115' title='bbox 447 1455 616 1523; x_wconf 91' lang='lat' dir='ltr'>proici</span> <span class='ocrx_word' id='word_1_116' title='bbox 653 1456 815 1508; x_wconf 92' lang='lat' dir='ltr'>iubet.</span> <span class='ocrx_word' id='word_1_117' title='bbox 876 1455 978 1508; x_wconf 91' lang='lat' dir='ltr'>hoc</span> <span class='ocrx_word' id='word_1_118' title='bbox 1015 1474 1084 1508; x_wconf 91' lang='lat' dir='ltr'>ne</span> <span class='ocrx_word' id='word_1_119' title='bbox 1123 1456 1287 1508; x_wconf 87' lang='lat' dir='ltr'>faciat</span> <span class='ocrx_word' id='word_1_120' title='bbox 1316 1456 1555 1509; x_wconf 89' lang='lat' dir='ltr'>Helenus</span> <span class='ocrx_word' id='word_1_121' title='bbox 1587 1462 1758 1527; x_wconf 83' lang='lat' dir='ltr'>rogat,</span> 
     </span>
     <span class='ocr_line' id='line_1_19' title="bbox 111 1528 1758 1601; baseline 0.002 -21"><span class='ocrx_word' id='word_1_122' title='bbox 111 1531 240 1581; x_wconf 89' lang='lat' dir='ltr'>tunc</span> <span class='ocrx_word' id='word_1_123' title='bbox 287 1546 378 1582; x_wconf 90' lang='lat' dir='ltr'>eos</span> <span class='ocrx_word' id='word_1_124' title='bbox 425 1528 488 1580; x_wconf 89' lang='lat' dir='ltr'>de</span> <span class='ocrx_word' id='word_1_125' title='bbox 535 1529 662 1582; x_wconf 85' lang='lat' dir='ltr'>fano</span> <span class='ocrx_word' id='word_1_126' title='bbox 710 1529 808 1582; x_wconf 91' lang='lat' dir='ltr'>eici</span> <span class='ocrx_word' id='word_1_127' title='bbox 853 1529 1002 1582; x_wconf 91' lang='lat' dir='ltr'>iubet</span> <span class='ocrx_word' id='word_1_128' title='bbox 1056 1533 1109 1582; x_wconf 92' lang='lat' dir='ltr'>et</span> <span class='ocrx_word' id='word_1_129' title='bbox 1157 1531 1265 1583; x_wconf 91' lang='lat' dir='ltr'>suis</span> <span class='ocrx_word' id='word_1_130' title='bbox 1311 1530 1475 1583; x_wconf 88' lang='lat' dir='ltr'>tradi:</span> <span class='ocrx_word' id='word_1_131' title='bbox 1532 1550 1758 1601; x_wconf 89' lang='lat' dir='ltr'>quorum</span> 
     </span>
     <span class='ocr_line' id='line_1_20' title="bbox 111 1603 1757 1675; baseline 0.002 -21"><span class='ocrx_word' id='word_1_132' title='bbox 111 1619 336 1671; x_wconf 90' lang='lat' dir='ltr'>corpora</span> <span class='ocrx_word' id='word_1_133' title='bbox 370 1606 587 1672; x_wconf 86' lang='lat' dir='ltr'>accepta</span> <span class='ocrx_word' id='word_1_134' title='bbox 610 1603 801 1673; x_wconf 83' lang='lat' dir='ltr'>Argivi</span> <span class='ocrx_word' id='word_1_135' title='bbox 831 1603 889 1655; x_wconf 93' lang='lat' dir='ltr'>in</span> <span class='ocrx_word' id='word_1_136' title='bbox 913 1607 1090 1656; x_wconf 89' lang='lat' dir='ltr'>castra</span> <span class='ocrx_word' id='word_1_137' title='bbox 1123 1604 1317 1656; x_wconf 90' lang='lat' dir='ltr'>ferunt.</span> <span class='ocrx_word' id='word_1_138' title='bbox 1378 1603 1757 1675; x_wconf 83' lang='lat' dir='ltr'>Agamemnon</span> 
     </span>
     <span class='ocr_line' id='line_1_21' title="bbox 112 1675 1827 1748; baseline 0 -20"><span class='ocrx_word' id='word_1_139' title='bbox 112 1693 203 1729; x_wconf 92' lang='lat' dir='ltr'>eos</span> <span class='ocrx_word' id='word_1_140' title='bbox 266 1675 550 1747; x_wconf 84' lang='lat' dir='ltr'>magnifico</span> <span class='ocrx_word' id='word_1_141' title='bbox 605 1677 791 1730; x_wconf 86' lang='lat' dir='ltr'>funere</span> <span class='ocrx_word' id='word_1_142' title='bbox 847 1678 998 1730; x_wconf 85' lang='lat' dir='ltr'>effert</span> <span class='ocrx_word' id='word_1_143' title='bbox 1051 1677 1356 1748; x_wconf 88' lang='lat' dir='ltr'>Achillique</span> <span class='ocrx_word' id='word_1_144' title='bbox 1416 1679 1757 1748; x_wconf 88' lang='lat' dir='ltr'>sepulchrum</span> <span class='ocrx_word' id='word_1_145' title='bbox 1781 1697 1827 1729; x_wconf 83' lang='lat'>20</span> 
     </span>
    </p>
   </div>
   <div class='ocr_carea' id='block_1_3' title="bbox 109 1825 407 1832">
    <p class='ocr_par' dir='ltr' id='par_1_3' title="bbox 109 1825 407 1832">
     <span class='ocr_line' id='line_1_22' title="bbox 109 1825 407 1832; baseline 0 1346"><span class='ocrx_word' id='word_1_146' title='bbox 109 1825 407 1832; x_wconf 95' lang='lat' dir='ltr'> </span> 
     </span>
    </p>
   </div>
   <div class='ocr_carea' id='block_1_4' title="bbox 106 1909 1758 2386">
    <p class='ocr_par' dir='ltr' id='par_1_4' title="bbox 106 1909 1758 2386">
     <span class='ocr_line' id='line_1_23' title="bbox 233 1909 1758 1959; baseline 0.003 -5"><span class='ocrx_word' id='word_1_147' title='bbox 233 1917 253 1953; x_wconf 92' lang='lat'>1</span> <span class='ocrx_word' id='word_1_148' title='bbox 282 1909 395 1954; x_wconf 87' lang='lat' dir='ltr'>satis</span> <span class='ocrx_word' id='word_1_149' title='bbox 421 1909 512 1955; x_wconf 87' lang='lat' dir='ltr'>sibi</span> <span class='ocrx_word' id='word_1_150' title='bbox 536 1910 690 1954; x_wconf 90' lang='lat' dir='ltr'>uisum</span> <span class='ocrx_word' id='word_1_151' title='bbox 716 1924 815 1955; x_wconf 87' lang='lat' dir='ltr'>esse</span> <span class='ocrx_word' id='word_1_152' title='bbox 839 1911 882 1954; x_wconf 94' lang='lat' dir='ltr'><em>L</em></span> <span class='ocrx_word' id='word_1_153' title='bbox 938 1911 1051 1956; x_wconf 89' lang='lat' dir='ltr'>satis</span> <span class='ocrx_word' id='word_1_154' title='bbox 1078 1926 1176 1957; x_wconf 87' lang='lat' dir='ltr'>esse</span> <span class='ocrx_word' id='word_1_155' title='bbox 1203 1926 1312 1957; x_wconf 86' lang='lat' dir='ltr'>suae</span> <span class='ocrx_word' id='word_1_156' title='bbox 1338 1913 1465 1958; x_wconf 85' lang='lat' dir='ltr'>uitae</span> <span class='ocrx_word' id='word_1_157' title='bbox 1484 1914 1527 1958; x_wconf 90' lang='lat' dir='ltr'><strong><em>G</em></strong></span> <span class='ocrx_word' id='word_1_158' title='bbox 1579 1915 1758 1959; x_wconf 84' lang='lat' dir='ltr'>victum</span> 
     </span>
     <span class='ocr_line' id='line_1_24' title="bbox 109 1970 1758 2030; baseline 0.004 -18"><span class='ocrx_word' id='word_1_159' title='bbox 109 1982 131 2012; x_wconf 90' lang='lat' dir='ltr'>e</span> <span class='ocrx_word' id='word_1_160' title='bbox 155 1970 414 2014; x_wconf 76' lang='lat' dir='ltr'>coniectura</span> <span class='ocrx_word' id='word_1_161' title='bbox 437 1970 604 2026; x_wconf 71' lang='lat' dir='ltr'>scripsi</span> <span class='ocrx_word' id='word_1_162' title='bbox 717 1974 742 2013; x_wconf 76' lang='lat'><strong>2</strong></span> <span class='ocrx_word' id='word_1_163' title='bbox 769 1970 1002 2015; x_wconf 90' lang='lat' dir='ltr'>occideret</span> <span class='ocrx_word' id='word_1_164' title='bbox 1026 1973 1074 2014; x_wconf 91' lang='lat' dir='ltr'>et</span> <span class='ocrx_word' id='word_1_165' title='bbox 1097 1971 1139 2014; x_wconf 93' lang='lat' dir='ltr'><em>L</em></span> <span class='ocrx_word' id='word_1_166' title='bbox 1195 1972 1443 2017; x_wconf 87' lang='lat' dir='ltr'>occidisset</span> <span class='ocrx_word' id='word_1_167' title='bbox 1467 1972 1510 2017; x_wconf 98' lang='lat' dir='ltr'><strong><em>G</em></strong></span> <span class='ocrx_word' id='word_1_168' title='bbox 1537 1972 1543 2030; x_wconf 86' lang='grc' dir='ltr'>Ι</span> <span class='ocrx_word' id='word_1_169' title='bbox 1572 1974 1758 2029; x_wconf 88' lang='lat' dir='ltr'>quod—</span> 
     </span>
     <span class='ocr_line' id='line_1_25' title="bbox 109 2027 1756 2088; baseline 0.004 -17"><span class='ocrx_word' id='word_1_170' title='bbox 109 2027 345 2086; x_wconf 87' lang='lat' dir='ltr'>promisit]</span> <span class='ocrx_word' id='word_1_171' title='bbox 387 2028 499 2085; x_wconf 88' lang='lat' dir='ltr'>quia</span> <span class='ocrx_word' id='word_1_172' title='bbox 543 2028 820 2073; x_wconf 84' lang='lat' dir='ltr'>temerarius</span> <span class='ocrx_word' id='word_1_173' title='bbox 867 2031 970 2074; x_wconf 87' lang='lat' dir='ltr'>erat</span> <span class='ocrx_word' id='word_1_174' title='bbox 1011 2029 1263 2074; x_wconf 84' lang='lat' dir='ltr'>alexander</span> <span class='ocrx_word' id='word_1_175' title='bbox 1310 2032 1403 2076; x_wconf 84' lang='lat' dir='ltr'>cito</span> <span class='ocrx_word' id='word_1_176' title='bbox 1446 2032 1663 2088; x_wconf 88' lang='lat' dir='ltr'>promisit</span> <span class='ocrx_word' id='word_1_177' title='bbox 1708 2047 1756 2078; x_wconf 90' lang='lat' dir='ltr'>se</span> 
     </span>
     <span class='ocr_line' id='line_1_26' title="bbox 107 2085 1755 2146; baseline 0.004 -16"><span class='ocrx_word' id='word_1_178' title='bbox 107 2085 343 2131; x_wconf 86' lang='lat' dir='ltr'>facturum</span> <span class='ocrx_word' id='word_1_179' title='bbox 392 2087 434 2132; x_wconf 92' lang='lat' dir='ltr'><strong><em>G</em></strong></span> <span class='ocrx_word' id='word_1_180' title='bbox 570 2092 595 2131; x_wconf 89' lang='lat'><strong>3</strong></span> <span class='ocrx_word' id='word_1_181' title='bbox 637 2087 893 2145; x_wconf 85' lang='lat' dir='ltr'>eliguntur]</span> <span class='ocrx_word' id='word_1_182' title='bbox 930 2088 1162 2133; x_wconf 85' lang='lat' dir='ltr'>ducuntur</span> <span class='ocrx_word' id='word_1_183' title='bbox 1210 2089 1252 2134; x_wconf 95' lang='lat' dir='ltr'><strong><em>G</em></strong></span> <span class='ocrx_word' id='word_1_184' title='bbox 1290 2091 1296 2146; x_wconf 86' lang='grc' dir='ltr'>Ι</span> <span class='ocrx_word' id='word_1_185' title='bbox 1334 2090 1496 2135; x_wconf 90' lang='lat' dir='ltr'>fanum</span> <span class='ocrx_word' id='word_1_186' title='bbox 1542 2091 1586 2135; x_wconf 90' lang='lat' dir='ltr'><em>L</em></span> <span class='ocrx_word' id='word_1_187' title='bbox 1729 2098 1755 2136; x_wconf 90' lang='lat'>5</span> 
     </span>
     <span class='ocr_line' id='line_1_27' title="bbox 109 2145 1756 2206; baseline 0.004 -17"><span class='ocrx_word' id='word_1_188' title='bbox 109 2145 320 2189; x_wconf 87' lang='lat' dir='ltr'>sicuti—</span> <span class='ocrx_word' id='word_1_189' title='bbox 337 2146 574 2204; x_wconf 88' lang='lat' dir='ltr'>nuntium]</span> <span class='ocrx_word' id='word_1_190' title='bbox 606 2147 778 2202; x_wconf 87' lang='lat' dir='ltr'>priami</span> <span class='ocrx_word' id='word_1_191' title='bbox 809 2147 964 2192; x_wconf 86' lang='lat' dir='ltr'>uerbis</span> <span class='ocrx_word' id='word_1_192' title='bbox 997 2147 1078 2204; x_wconf 88' lang='lat' dir='ltr'>qui</span> <span class='ocrx_word' id='word_1_193' title='bbox 1109 2162 1166 2192; x_wconf 91' lang='lat' dir='ltr'>ea</span> <span class='ocrx_word' id='word_1_194' title='bbox 1197 2162 1318 2205; x_wconf 88' lang='lat' dir='ltr'>quae</span> <span class='ocrx_word' id='word_1_195' title='bbox 1359 2150 1416 2195; x_wconf 90' lang='lat' dir='ltr'>de</span> <span class='ocrx_word' id='word_1_196' title='bbox 1458 2151 1756 2206; x_wconf 84' lang='lat' dir='ltr'>sponsalibus</span> 
     </span>
     <span class='ocr_line' id='line_1_28' title="bbox 106 2203 1757 2266; baseline 0.005 -19"><span class='ocrx_word' id='word_1_197' title='bbox 106 2203 324 2248; x_wconf 82' lang='lat' dir='ltr'>facienda</span> <span class='ocrx_word' id='word_1_198' title='bbox 355 2207 464 2249; x_wconf 87' lang='lat' dir='ltr'>sunt</span> <span class='ocrx_word' id='word_1_199' title='bbox 494 2204 624 2249; x_wconf 85' lang='lat' dir='ltr'>dicat</span> <span class='ocrx_word' id='word_1_200' title='bbox 654 2204 696 2250; x_wconf 91' lang='lat' dir='ltr'><strong><em>G</em></strong></span> <span class='ocrx_word' id='word_1_201' title='bbox 817 2211 842 2251; x_wconf 88' lang='grc'>6</span> <span class='ocrx_word' id='word_1_202' title='bbox 873 2206 1026 2251; x_wconf 88' lang='lat' dir='ltr'>laetus</span> <span class='ocrx_word' id='word_1_203' title='bbox 1051 2219 1132 2252; x_wconf 87' lang='lat' dir='ltr'>om.</span> <span class='ocrx_word' id='word_1_204' title='bbox 1160 2207 1201 2252; x_wconf 92' lang='lat' dir='ltr'><strong><em>G</em></strong></span> <span class='ocrx_word' id='word_1_205' title='bbox 1325 2213 1348 2252; x_wconf 87' lang='lat'><strong>7</strong></span> <span class='ocrx_word' id='word_1_206' title='bbox 1382 2210 1688 2266; x_wconf 88' lang='lat' dir='ltr'>consequenti</span> <span class='ocrx_word' id='word_1_207' title='bbox 1713 2211 1757 2254; x_wconf 91' lang='lat' dir='ltr'><strong><em>L</em></strong></span> 
     </span>
     <span class='ocr_line' id='line_1_29' title="bbox 109 2262 1756 2321; baseline 0.005 -15"><span class='ocrx_word' id='word_1_208' title='bbox 109 2267 135 2307; x_wconf 93' lang='lat'>8</span> <span class='ocrx_word' id='word_1_209' title='bbox 156 2262 411 2319; x_wconf 60' lang='lat' dir='ltr'>&gt;antiloquo</span> <span class='ocrx_word' id='word_1_210' title='bbox 444 2262 487 2308; x_wconf 92' lang='lat' dir='ltr'><strong><em>G</em></strong></span> <span class='ocrx_word' id='word_1_211' title='bbox 547 2263 752 2309; x_wconf 86' lang='lat' dir='ltr'>antiloco</span> <span class='ocrx_word' id='word_1_212' title='bbox 784 2265 849 2319; x_wconf 89' lang='lat' dir='ltr'>L,</span> <span class='ocrx_word' id='word_1_213' title='bbox 880 2266 1015 2310; x_wconf 80' lang='lat' dir='ltr'>etiam</span> <span class='ocrx_word' id='word_1_214' title='bbox 1047 2266 1179 2321; x_wconf 76' lang='lat' dir='ltr'>infra</span> <span class='ocrx_word' id='word_1_215' title='bbox 1203 2269 1210 2321; x_wconf 66' lang='grc' dir='ltr'>Ι</span> <span class='ocrx_word' id='word_1_216' title='bbox 1238 2267 1371 2312; x_wconf 89' lang='lat' dir='ltr'>uenit</span> <span class='ocrx_word' id='word_1_217' title='bbox 1394 2268 1437 2313; x_wconf 89' lang='lat' dir='ltr'><strong><em>G</em></strong></span> <span class='ocrx_word' id='word_1_218' title='bbox 1557 2274 1583 2314; x_wconf 84' lang='lat'>9</span> <span class='ocrx_word' id='word_1_219' title='bbox 1617 2269 1756 2314; x_wconf 84' lang='lat' dir='ltr'>simul</span> 
     </span>
     <span class='ocr_line' id='line_1_30' title="bbox 106 2321 1754 2386; baseline 0.005 -21"><span class='ocrx_word' id='word_1_220' title='bbox 106 2321 232 2366; x_wconf 87' lang='lat' dir='ltr'>intro</span> <span class='ocrx_word' id='word_1_221' title='bbox 263 2321 313 2366; x_wconf 90' lang='lat' dir='ltr'>in</span> <span class='ocrx_word' id='word_1_222' title='bbox 344 2321 375 2366; x_wconf 86' lang='lat' dir='ltr'>f.</span> <span class='ocrx_word' id='word_1_223' title='bbox 409 2321 451 2368; x_wconf 98' lang='lat' dir='ltr'><strong><em>G</em></strong></span> <span class='ocrx_word' id='word_1_224' title='bbox 486 2324 492 2378; x_wconf 95' lang='grc'>1</span> <span class='ocrx_word' id='word_1_225' title='bbox 527 2322 675 2367; x_wconf 84' lang='lat' dir='ltr'>intrat</span> <span class='ocrx_word' id='word_1_226' title='bbox 706 2323 749 2368; x_wconf 88' lang='lat' dir='ltr'><strong><em>G</em></strong></span> <span class='ocrx_word' id='word_1_227' title='bbox 880 2330 934 2368; x_wconf 92' lang='lat'>10</span> <span class='ocrx_word' id='word_1_228' title='bbox 973 2327 1542 2371; x_wconf 82' lang='lat' dir='ltr'>occurrunt—coniciunt</span> <span class='ocrx_word' id='word_1_229' title='bbox 1580 2341 1663 2373; x_wconf 87' lang='lat' dir='ltr'>om.</span> <span class='ocrx_word' id='word_1_230' title='bbox 1697 2329 1754 2386; x_wconf 89' lang='lat' dir='ltr'>L,</span> 
     </span>
    </p>
   </div>
   <div class='ocr_carea' id='block_1_5' title="bbox 105 2380 1756 2556">
    <p class='ocr_par' dir='ltr' id='par_1_5' title="bbox 105 2380 1756 2556">
     <span class='ocr_line' id='line_1_31' title="bbox 110 2380 1754 2445; baseline 0.005 -21"><span class='ocrx_word' id='word_1_231' title='bbox 110 2386 162 2424; x_wconf 91' lang='lat'>11</span> <span class='ocrx_word' id='word_1_232' title='bbox 205 2380 437 2430; x_wconf 83' lang='lat' dir='ltr'>chlamide</span> <span class='ocrx_word' id='word_1_233' title='bbox 479 2381 522 2426; x_wconf 91' lang='lat' dir='ltr'><strong><em>G</em></strong></span> <span class='ocrx_word' id='word_1_234' title='bbox 590 2381 789 2427; x_wconf 85' lang='lat' dir='ltr'>clamide</span> <span class='ocrx_word' id='word_1_235' title='bbox 829 2383 872 2426; x_wconf 91' lang='lat' dir='ltr'><em>L</em></span> <span class='ocrx_word' id='word_1_236' title='bbox 1007 2389 1059 2427; x_wconf 83' lang='lat'>12</span> <span class='ocrx_word' id='word_1_237' title='bbox 1101 2397 1254 2430; x_wconf 85' lang='lat' dir='ltr'>enses:</span> <span class='ocrx_word' id='word_1_238' title='bbox 1302 2385 1484 2430; x_wconf 88' lang='lat' dir='ltr'>faciunt</span> <span class='ocrx_word' id='word_1_239' title='bbox 1521 2387 1575 2431; x_wconf 76' lang='lat' dir='ltr'>in</span> <span class='ocrx_word' id='word_1_240' title='bbox 1611 2401 1754 2445; x_wconf 75' lang='lat' dir='ltr'>mary.</span> 
     </span>
     <span class='ocr_line' id='line_1_32' title="bbox 107 2438 1755 2501; baseline 0.005 -18"><span class='ocrx_word' id='word_1_241' title='bbox 107 2438 301 2484; x_wconf 85' lang='lat' dir='ltr'>dextera</span> <span class='ocrx_word' id='word_1_242' title='bbox 330 2441 570 2484; x_wconf 87' lang='lat' dir='ltr'>tenentem</span> <span class='ocrx_word' id='word_1_243' title='bbox 600 2441 830 2498; x_wconf 87' lang='lat' dir='ltr'>impetum</span> <span class='ocrx_word' id='word_1_244' title='bbox 852 2442 896 2486; x_wconf 91' lang='lat' dir='ltr'><em>L</em></span> <span class='ocrx_word' id='word_1_245' title='bbox 926 2456 1054 2499; x_wconf 80' lang='lat' dir='ltr'>quem</span> <span class='ocrx_word' id='word_1_246' title='bbox 1084 2443 1177 2498; x_wconf 78' lang='lat' dir='ltr'>fere</span> <span class='ocrx_word' id='word_1_247' title='bbox 1212 2457 1255 2488; x_wconf 86' lang='lat' dir='ltr'>se</span> <span class='ocrx_word' id='word_1_248' title='bbox 1286 2458 1391 2501; x_wconf 81' lang='lat' dir='ltr'>uor,</span> <span class='ocrx_word' id='word_1_249' title='bbox 1425 2445 1590 2490; x_wconf 83' lang='lat' dir='ltr'>dextra</span> <span class='ocrx_word' id='word_1_250' title='bbox 1622 2459 1755 2493; x_wconf 87' lang='lat' dir='ltr'>enses</span> 
     </span>
     <span class='ocr_line' id='line_1_33' title="bbox 105 2498 1756 2556; baseline 0.005 -14"><span class='ocrx_word' id='word_1_251' title='bbox 105 2500 320 2543; x_wconf 79' lang='lat' dir='ltr'>tenentes</span> <span class='ocrx_word' id='word_1_252' title='bbox 367 2498 397 2543; x_wconf 87' lang='lat' dir='ltr'>f.</span> <span class='ocrx_word' id='word_1_253' title='bbox 446 2499 559 2556; x_wconf 90' lang='lat' dir='ltr'>imp.</span> <span class='ocrx_word' id='word_1_254' title='bbox 607 2499 650 2545; x_wconf 91' lang='lat' dir='ltr'><strong><em>G</em></strong></span> <span class='ocrx_word' id='word_1_255' title='bbox 796 2506 849 2545; x_wconf 90' lang='lat'>13</span> <span class='ocrx_word' id='word_1_256' title='bbox 891 2502 1058 2546; x_wconf 86' lang='lat' dir='ltr'>exinde</span> <span class='ocrx_word' id='word_1_257' title='bbox 1105 2515 1188 2546; x_wconf 83' lang='lat' dir='ltr'>om.</span> <span class='ocrx_word' id='word_1_258' title='bbox 1427 2510 1481 2548; x_wconf 84' lang='lat'>14</span> <span class='ocrx_word' id='word_1_259' title='bbox 1524 2504 1756 2551; x_wconf 87' lang='lat' dir='ltr'>interimit</span> 
     </span>
    </p>
   </div>
   <div class='ocr_carea' id='block_1_6' title="bbox 103 2555 1754 2696">
    <p class='ocr_par' dir='ltr' id='par_1_6' title="bbox 103 2555 1754 2696">
     <span class='ocr_line' id='line_1_34' title="bbox 103 2555 1751 2636; baseline 0.005 -35"><span class='ocrx_word' id='word_1_260' title='bbox 103 2556 150 2600; x_wconf 91' lang='lat' dir='ltr'><strong><em>B</em></strong></span> <span class='ocrx_word' id='word_1_261' title='bbox 209 2555 449 2602; x_wconf 88' lang='lat' dir='ltr'>interemit</span> <span class='ocrx_word' id='word_1_262' title='bbox 478 2558 523 2602; x_wconf 92' lang='lat' dir='ltr'><em>L</em></span> <span class='ocrx_word' id='word_1_263' title='bbox 545 2572 629 2604; x_wconf 85' lang='lat' dir='ltr'>om.</span> <span class='ocrx_word' id='word_1_264' title='bbox 656 2559 698 2604; x_wconf 89' lang='lat' dir='ltr'><strong><em>G</em></strong></span> <span class='ocrx_word' id='word_1_265' title='bbox 725 2561 732 2616; x_wconf 88' lang='grc' dir='ltr'>Ι</span> <span class='ocrx_word' id='word_1_266' title='bbox 758 2560 1024 2618; x_wconf 86' lang='lat' dir='ltr'>ipsumque]</span> <span class='ocrx_word' id='word_1_267' title='bbox 1059 2563 1107 2605; x_wconf 92' lang='lat' dir='ltr'>et</span> <span class='ocrx_word' id='word_1_268' title='bbox 1139 2561 1180 2606; x_wconf 91' lang='lat' dir='ltr'><strong><em>G</em></strong></span> <span class='ocrx_word' id='word_1_269' title='bbox 1304 2567 1357 2606; x_wconf 88' lang='lat'>15</span> <span class='ocrx_word' id='word_1_270' title='bbox 1391 2563 1652 2636; x_wconf 75' lang='lat' dir='ltr'>confodiuit</span> <span class='ocrx_word' id='word_1_271' title='bbox 1675 2565 1718 2608; x_wconf 96' lang='lat' dir='ltr'><em>L</em></span> <span class='ocrx_word' id='word_1_272' title='bbox 1745 2565 1751 2624; x_wconf 83' lang='grc' dir='ltr'>Ι</span> 
     </span>
     <span class='ocr_line' id='line_1_35' title="bbox 104 2630 1754 2696; baseline 0.006 -22"><span class='ocrx_word' id='word_1_273' title='bbox 104 2630 310 2676; x_wconf 85' lang='lat' dir='ltr'>Achilles</span> <span class='ocrx_word' id='word_1_274' title='bbox 334 2644 417 2677; x_wconf 86' lang='lat' dir='ltr'>om.</span> <span class='ocrx_word' id='word_1_275' title='bbox 441 2631 487 2676; x_wconf 93' lang='lat' dir='ltr'><em>L</em></span> <span class='ocrx_word' id='word_1_276' title='bbox 512 2632 519 2690; x_wconf 80' lang='grc'>1</span> <span class='ocrx_word' id='word_1_277' title='bbox 546 2646 842 2690; x_wconf 87' lang='lat' dir='ltr'>nequaquam</span> <span class='ocrx_word' id='word_1_278' title='bbox 867 2633 911 2679; x_wconf 92' lang='lat' dir='ltr'><strong><em>G</em></strong></span> <span class='ocrx_word' id='word_1_279' title='bbox 970 2634 1308 2692; x_wconf 82' lang='lat' dir='ltr'>necquicquam</span> <span class='ocrx_word' id='word_1_280' title='bbox 1333 2635 1377 2679; x_wconf 93' lang='lat' dir='ltr'><em>L</em></span> <span class='ocrx_word' id='word_1_281' title='bbox 1496 2643 1550 2682; x_wconf 87' lang='grc'>16</span> <span class='ocrx_word' id='word_1_282' title='bbox 1574 2653 1754 2696; x_wconf 88' lang='lat' dir='ltr'>pauens</span> 
     </span>
    </p>
   </div>
   <div class='ocr_carea' id='block_1_7' title="bbox 103 2688 1753 2879">
    <p class='ocr_par' dir='ltr' id='par_1_7' title="bbox 103 2688 1753 2879">
     <span class='ocr_line' id='line_1_36' title="bbox 103 2688 1751 2752; baseline 0.005 -19"><span class='ocrx_word' id='word_1_283' title='bbox 103 2688 147 2732; x_wconf 91' lang='lat' dir='ltr'><em>L</em></span> <span class='ocrx_word' id='word_1_284' title='bbox 195 2691 246 2734; x_wconf 76' lang='lat' dir='ltr'>in</span> <span class='ocrx_word' id='word_1_285' title='bbox 291 2704 435 2748; x_wconf 77' lang='lat' dir='ltr'>mary.</span> <span class='ocrx_word' id='word_1_286' title='bbox 479 2691 657 2737; x_wconf 86' lang='lat' dir='ltr'>faciens</span> <span class='ocrx_word' id='word_1_287' title='bbox 697 2694 702 2748; x_wconf 88' lang='grc' dir='ltr'>Ι</span> <span class='ocrx_word' id='word_1_288' title='bbox 743 2693 952 2738; x_wconf 85' lang='lat' dir='ltr'>ammisit</span> <span class='ocrx_word' id='word_1_289' title='bbox 990 2694 1034 2736; x_wconf 92' lang='lat' dir='ltr'><em>L</em></span> <span class='ocrx_word' id='word_1_290' title='bbox 1073 2696 1077 2748; x_wconf 84' lang='grc' dir='ltr'>Ι</span> <span class='ocrx_word' id='word_1_291' title='bbox 1115 2694 1246 2752; x_wconf 85' lang='lat' dir='ltr'>feris]</span> <span class='ocrx_word' id='word_1_292' title='bbox 1289 2695 1461 2740; x_wconf 82' lang='lat' dir='ltr'>auferri</span> <span class='ocrx_word' id='word_1_293' title='bbox 1501 2696 1544 2741; x_wconf 92' lang='lat' dir='ltr'><strong><em>G</em></strong></span> <span class='ocrx_word' id='word_1_294' title='bbox 1697 2703 1751 2742; x_wconf 83' lang='lat'>17</span> 
     </span>
     <span class='ocr_line' id='line_1_37' title="bbox 103 2749 1753 2851; baseline 0.006 -59"><span class='ocrx_word' id='word_1_295' title='bbox 103 2749 262 2851; x_wconf 45' lang='lat' dir='ltr'>roga}</span> <span class='ocrx_word' id='word_1_296' title='bbox 290 2750 452 2835; x_wconf 80' lang='lat' dir='ltr'>¹multa</span> <span class='ocrx_word' id='word_1_297' title='bbox 491 2763 857 2820; x_wconf 75' lang='lat' dir='ltr'>commemorans</span> <span class='ocrx_word' id='word_1_298' title='bbox 896 2752 1116 2820; x_wconf 73' lang='lat' dir='ltr'>prohibet</span> <span class='ocrx_word' id='word_1_299' title='bbox 1155 2752 1197 2797; x_wconf 91' lang='lat' dir='ltr'><strong><em>G</em></strong></span> <span class='ocrx_word' id='word_1_300' title='bbox 1327 2759 1381 2799; x_wconf 89' lang='lat'>18</span> <span class='ocrx_word' id='word_1_301' title='bbox 1420 2756 1532 2822; x_wconf 75' lang='lat' dir='ltr'>tunc</span> <span class='ocrx_word' id='word_1_302' title='bbox 1550 2757 1753 2802; x_wconf 89' lang='lat' dir='ltr'>——iubet</span> 
     </span>
     <span class='ocr_line' id='line_1_38' title="bbox 104 2811 1750 2879; baseline 0.007 -29"><span class='ocrx_word' id='word_1_303' title='bbox 104 2819 186 2851; x_wconf 87' lang='lat' dir='ltr'>om.</span> <span class='ocrx_word' id='word_1_304' title='bbox 291 2822 519 2865; x_wconf 74' lang='lat' dir='ltr'>,quorum</span> <span class='ocrx_word' id='word_1_305' title='bbox 538 2811 671 2854; x_wconf 82' lang='lat' dir='ltr'>——Ar</span> <span class='ocrx_word' id='word_1_306' title='bbox 707 2812 792 2879; x_wconf 75' lang='grc' dir='ltr'>ιω]</span> <span class='ocrx_word' id='word_1_307' title='bbox 840 2811 1056 2855; x_wconf 79' lang='lat' dir='ltr'>achillem</span> <span class='ocrx_word' id='word_1_308' title='bbox 1101 2812 1358 2857; x_wconf 76' lang='lat' dir='ltr'>antilocum</span> <span class='ocrx_word' id='word_1_309' title='bbox 1402 2829 1474 2858; x_wconf 84' lang='lat' dir='ltr'>sui</span> <span class='ocrx_word' id='word_1_310' title='bbox 1517 2815 1560 2859; x_wconf 93' lang='lat' dir='ltr'><strong><em>G</em></strong></span> <span class='ocrx_word' id='word_1_311' title='bbox 1693 2821 1750 2861; x_wconf 84' lang='lat'>20</span> 
     </span>
    </p>
   </div>
   <div class='ocr_carea' id='block_1_8' title="bbox 104 2865 1748 2970">
    <p class='ocr_par' dir='ltr' id='par_1_8' title="bbox 104 2865 1748 2970">
     <span class='ocr_line' id='line_1_39' title="bbox 104 2865 1748 2970; baseline 0.007 -61"><span class='ocrx_word' id='word_1_312' title='bbox 104 2865 202 2923; x_wconf 90' lang='lat' dir='ltr'>eos]</span> <span class='ocrx_word' id='word_1_313' title='bbox 237 2867 453 2970; x_wconf 58' lang='lat' dir='ltr'>achigem</span> <span class='ocrx_word' id='word_1_314' title='bbox 503 2867 546 2912; x_wconf 91' lang='lat' dir='ltr'><strong><em>G</em></strong></span> <span class='ocrx_word' id='word_1_315' title='bbox 581 2871 588 2923; x_wconf 89' lang='grc' dir='ltr'>Ι</span> <span class='ocrx_word' id='word_1_316' title='bbox 624 2882 678 2914; x_wconf 79' lang='lat' dir='ltr'>ac</span> <span class='ocrx_word' id='word_1_317' title='bbox 713 2869 900 2926; x_wconf 84' lang='lat' dir='ltr'>ilhsque</span> <span class='ocrx_word' id='word_1_318' title='bbox 948 2870 1245 2927; x_wconf 85' lang='lat' dir='ltr'>sepulchrum</span> <span class='ocrx_word' id='word_1_319' title='bbox 1289 2872 1331 2915; x_wconf 91' lang='lat' dir='ltr'><em>L</em></span> <span class='ocrx_word' id='word_1_320' title='bbox 1413 2876 1460 2917; x_wconf 90' lang='lat' dir='ltr'>et</span> <span class='ocrx_word' id='word_1_321' title='bbox 1501 2876 1555 2918; x_wconf 88' lang='lat' dir='ltr'>ut</span> <span class='ocrx_word' id='word_1_322' title='bbox 1597 2876 1748 2933; x_wconf 84' lang='lat' dir='ltr'>sepul—</span> 
     </span>
     <span class='ocr_line' id='line_1_40' title="bbox 104 2938 396 2970; baseline 0.014 -3"><span class='ocrx_word' id='word_1_323' title='bbox 104 2938 233 2968; x_wconf 88' lang='lat' dir='ltr'>crum</span> <span class='ocrx_word' id='word_1_324' title='bbox 266 2939 307 2970; x_wconf 83' lang='lat' dir='ltr'>ei</span> <span class='ocrx_word' id='word_1_325' title='bbox 387 2961 396 2970; x_wconf 91' lang='lat'>.</span> 
     </span>
    </p>
   </div>
  </div>
 </body>
</html>
