1956 3178
235 117 303 169 48
751 92 968 159 1510an
1002 119 1335 161 ORETENSIS
1401 135 1409 144 ι

234 245 450 295 ruentes
504 259 652 294 arma
697 259 862 310 equos
916 243 1090 311 regias
1139 260 1266 310 opes
1314 246 1366 295 et
1411 244 1477 296 ad
1513 248 1843 313 postremum
1859 288 1867 291 „
1906 272 1931 316 ‚³

235 313 468 381 quidque
507 312 618 365 f01s
657 311 872 364 dederat
907 313 1255 381 praeripiunt.

376 382 596 435 XLV.II
659 382 778 435 Hoc
826 383 984 435 modo
1032 384 1259 436 victores
1310 385 1438 436 Grai
1486 384 1673 438 deletis
1721 404 1842 439 cum

235 454 554 522 imperatore
601 453 896 505 Thracibus
946 454 1126 506 onusti
1170 454 1366 522 praeda
1414 458 1572 523 atque
1618 455 1843 510 victoria

191 543 212 574 5
235 523 302 575 ad
337 541 500 576 naves
537 523 931 592 digrediuntur:
971 542 1091 576 cum
1129 524 1344 576 interim
1371 524 1591 578 Troiani
1629 543 1693 579 ex
1729 545 1844 579 mu-

234 594 307 645 ris
345 597 703 662 respectantes
740 595 1066 662 nequiquam
1102 613 1199 662 pro
1239 595 1396 648 sociis
1443 597 1585 675 intra
1630 597 1844 650 moenia
1926 592 1943 640 s

234 667 416 716 tamen
453 665 798 732 trepidaient.
875 665 1039 734 igitur
1075 665 1289 717 barbari
1335 668 1418 718 tot
1463 666 1570 718 iam
1608 666 1842 720 adversis

234 734 392 786 rebus
429 734 585 787 fracti
623 735 828 804 legatos
876 735 1109 787 indutias
1146 736 1480 803 postulantes
1518 736 1584 788 ad
1611 737 1842 790 Graecos

233 805 457 857 mittunt
504 823 563 857 ac
601 824 726 857 mox
777 806 974 858 nostris
1023 807 1385 859 conditionem
1423 806 1841 874 adprobantibus

169 895 211 927 10
233 875 552 943 interposito
603 876 859 928 sacrificio
907 876 1065 928 fidem
1108 877 1251 944 pacti
1289 878 1581 929 firmavere.
1656 877 1843 930 eodem

232 945 343 997 fere
394 949 636 1014 tempore
686 946 914 1014 Chryses
925 988 939 1013 ‚
999 965 1157 1014 quem
1215 947 1542 999 sacerdotem
1580 946 1841 1000 Zminthii

231 1016 504 1084 Apollinis
553 1035 713 1084 supra
759 1017 1194 1084 memoravimUS‚
1243 1018 1309 1068 ad
1356 1018 1645 1070 exercitum
1695 1018 1844 1070 venit

233 1090 410 1137 actum
457 1087 656 1156 gratias
703 1104 864 1154 super
909 1087 1018 1155 his,
1079 1105 1213 1155 quae
1268 1088 1325 1138 in
1373 1105 1428 1139 se
1474 1091 1686 1156 recepta
1730 1089 1842 1140 filia

233 1156 465 1226 benigne
504 1158 570 1208 ab
607 1158 806 1209 nostris
844 1161 996 1226 gesta
1035 1161 1202 1225 erant,
1244 1158 1312 1209 ob
1352 1175 1486 1225 quae
1522 1161 1636 1210 tam
1674 1157 1842 1211 hono-

171 1243 212 1276 15
234 1227 408 1294 rifica,
457 1227 615 1278 simul
672 1227 814 1295 quod
862 1230 1199 1295 Astynomen
1256 1228 1547 1280 liberaliter
1602 1228 1843 1280 habitam

234 1302 582 1366 cognoverat,
640 1298 910 1350 reductam
974 1315 1151 1349 secum
1205 1299 1601 1367 Agamemnoni
1662 1298 1841 1351 tradit.

232 1385 405 1435 neque
452 1368 622 1419 multo
671 1371 793 1435 post
839 1367 1141 1422 Philocteta
1189 1386 1308 1420 cum
1357 1369 1463 1431 his,
1505 1370 1597 1436 qui
1633 1372 1842 1436 partem

233 1437 459 1559 2333?ssss
484 1438 1370 1560 ΘῖῗῆἐΠῗηὲοῗὲἝέὃὲἒὲὲΞῗὲἓ
1418 1438 1718 1560 Υὲἓεὲῖὼωΐ
1763 1439 1843 1490 in‘

170 1595 212 1626 20
376 1577 621 1631 XLVIII.
694 1526 940 1631 Intereaq
953 1579 1237 1631 consilium
1296 1526 1511 1631 Gragcis
1557 1579 1841 1648 agentibus

234 1649 373 1700 Aiax
403 1648 746 1700 Telamonius
784 1649 842 1700 in
878 1649 1112 1700 medium
1149 1665 1460 1718 progressus
1499 1649 1652 1702 docet
1689 1667 1843 1717 opor-

233 1723 344 1770 tere
371 1719 514 1770 mitti
552 1719 618 1770 ad
644 1718 894 1770 Achillen
930 1722 1247 1787 precatoreS,
1288 1720 1379 1787 qui
1405 1737 1524 1771 eum
1560 1720 1843 1787 imperato-
1920 1704 1956 1758 >5

234 1807 353 1840 rum
391 1789 565 1840 verbis
592 1792 751 1856 atque
790 1790 1052 1841 exercitus
1078 1792 1322 1857 peterent
1346 1790 1615 1842 remittere
1650 1790 1755 1842 iras
1781 1801 1844 1842 ac

233 1862 473 1927 repetere
500 1859 712 1911 solitam
740 1877 859 1911 cum
888 1860 994 1911 suis
1020 1860 1271 1929 gratiam:
1299 1860 1518 1911 minime
1540 1860 1737 1928 quippe
1763 1877 1843 1912 as—

170 1945 211 1977 25
231 1929 566 1997 pernandum
591 1929 753 1981 talem
768 1930 957 1998 virum,
983 1947 1126 1982 nunc
1146 1930 1231 1982 vel
1249 1930 1492 1998 maxime,
1514 1948 1635 1982 cum
1660 1947 1843 1983 secun-

235 2000 313 2051 dis
339 2000 496 2051 rebus
524 1999 714 2060 Graeci
741 2003 793 2052 et
817 2001 977 2068 paulo
1005 2004 1127 2053 ante
1152 2000 1380 2052 victores
1405 2018 1516 2052 non
1543 2001 1612 2052 ob
1644 1999 1842 2052 utilita-

232 2073 342 2121 tem
380 2070 471 2121 sed
506 2070 728 2122 honoris
762 2071 953 2123 merito
980 2071 1207 2140 gratiam
1245 2071 1357 2122 eius
1380 2073 1636 2138 peterent.
1701 2070 1841 2122 inter

234 2158 369 2207 quae
407 2140 677 2207 deprecari
715 2141 874 2191 etiam
912 2142 1395 2210 Agamemnonem,
1440 2141 1587 2192 daret
1625 2157 1842 2208 operam

234 2210 393 2262 simul
419 2210 856 2289 voluntatemque
883 2211 1088 2279 agendo
1116 2212 1336 2281 negotio
1363 2210 1663 2263 adhiberet:
1694 2228 1841 2262 nam-

169 2297 211 2327 30
234 2298 335 2348 que
370 2280 467 2332 tali
498 2284 739 2348 tempore
774 2281 831 2331 in
868 2287 1148 2333 commune
1185 2282 1250 2332 ab
1278 2282 1524 2333 omnibus
1562 2281 1839 2333 consulen-
1891 2302 1894 2303 ⁷
1946 2275 1956 2282 ”

234 2351 374 2418 dum,
412 2351 725 2418 praesertim
760 2351 947 2418 procul
985 2347 1063 2402 ab
1092 2351 1248 2403 domo
1287 2351 1417 2403 locis
1456 2351 1642 2403 alienis
1681 2353 1840 2418 atque

231 2393 542 2473 hostilibus:
580 2438 767 2501 neque
793 2439 847 2472 se
873 2421 1028 2473 alitei
1065 2421 1206 2473 inter
1230 2425 1341 2473 tam
1366 2421 1552 2490 gravia
1576 2420 1716 2472 bella
1744 2437 1839 2471 un·
1900 2472 1902 2477 ,

234 2490 390 2558 dique
410 2509 592 2543 versus
618 2491 847 2543 inimicis
873 2492 1182 2560 regionibus
1200 2509 1358 2559 quam
1385 2489 1668 2543 concordia
1691 2493 1838 2542 tutos

233 2561 362 2613 fore.
412 2565 466 2612 at
491 2562 583 2613 ubi
605 2562 764 2613 finem
790 2561 1043 2628 loquendi
1070 2562 1212 2628 fecit,
1240 2561 1416 2613 cuncti
1442 2561 1598 2612 duces
1623 2559 1838 2612 laudare

345 2733 370 2771 2
402 2732 471 2771 uti
511 2731 708 2783 quidque
747 2733 788 2771 V
853 2732 919 2772 uti
958 2745 1034 2773 om.
1077 2731 1154 2771 GB
1269 2733 1295 2771 4
1336 2729 1471 2771 honus
1506 2732 1540 2771 G
1656 2733 1681 2771 6
1716 2730 1839 2770 Peri-

230 2789 375 2827 zonius
414 2790 558 2828 maluit
596 2787 943 2840 despectantes,
998 2789 1105 2827 idem
1146 2787 1469 2839 Oudendorpius
1495 2786 1501 2838 Ι
1529 2798 1676 2839 neque
1714 2786 1839 2839 quic-

232 2854 368 2893 quam
403 2843 438 2883 G
476 2844 537 2891 (in
576 2857 704 2895 margy.
745 2843 821 2884 uel
861 2843 1168 2897 nequiquam),
1220 2843 1292 2883 uel
1340 2843 1648 2894 nequicquam
1686 2853 1836 2894 neque

233 2899 445 2950 cuiquam
478 2899 518 2938 B
637 2902 662 2941 8
695 2900 811 2940 facti
848 2900 894 2939 G.
950 2905 955 2908 ”
