<?xml version="1.0" encoding="UTF-8"?>
<!DOCTYPE html PUBLIC "-//W3C//DTD XHTML 1.0 Transitional//EN"
    "http://www.w3.org/TR/xhtml1/DTD/xhtml1-transitional.dtd">
<html xmlns="http://www.w3.org/1999/xhtml" xml:lang="en" lang="en">
 <head>
  <title>
</title>
<meta http-equiv="Content-Type" content="text/html;charset=utf-8" />
  <meta name='ocr-system' content='tesseract 3.04.00' />
  <meta name='ocr-capabilities' content='ocr_page ocr_carea ocr_par ocr_line ocrx_word'/>
</head>
<body>
  <div class='ocr_page' id='page_1' title='image "./dictyscretensise00dictuoft_0261.png"; bbox 0 0 1956 3178; ppageno 0'>
   <div class='ocr_carea' id='block_1_1' title="bbox 473 100 1785 153">
    <p class='ocr_par' dir='ltr' id='par_1_1' title="bbox 473 100 1785 153">
     <span class='ocr_line' id='line_1_1' title="bbox 473 100 1785 153; baseline -0.002 -7"><span class='ocrx_word' id='word_1_1' title='bbox 473 102 552 147; x_wconf 84' lang='lat' dir='ltr'>DE</span> <span class='ocrx_word' id='word_1_2' title='bbox 586 101 833 147; x_wconf 87' lang='lat' dir='ltr'>EXCIDIO</span> <span class='ocrx_word' id='word_1_3' title='bbox 867 101 1094 147; x_wconf 86' lang='lat' dir='ltr'>TROIAE</span> <span class='ocrx_word' id='word_1_4' title='bbox 1126 100 1430 146; x_wconf 84' lang='lat' dir='ltr'><strong>HISTORIA.</strong></span> <span class='ocrx_word' id='word_1_5' title='bbox 1713 101 1785 153; x_wconf 82' lang='lat'>33</span> 
     </span>
    </p>
   </div>
   <div class='ocr_carea' id='block_1_2' title="bbox 135 220 1867 1936">
    <p class='ocr_par' dir='ltr' id='par_1_2' title="bbox 135 220 1867 1904">
     <span class='ocr_line' id='line_1_2' title="bbox 135 220 1785 295; baseline -0.002 -18"><span class='ocrx_word' id='word_1_6' title='bbox 135 242 239 295; x_wconf 91' lang='lat' dir='ltr'>que</span> <span class='ocrx_word' id='word_1_7' title='bbox 258 268 273 277; x_wconf 29' lang='grc'>,1</span> <span class='ocrx_word' id='word_1_8' title='bbox 286 223 506 276; x_wconf 86' lang='lat' dir='ltr'>Troiani</span> <span class='ocrx_word' id='word_1_9' title='bbox 557 223 624 275; x_wconf 91' lang='lat' dir='ltr'>ad</span> <span class='ocrx_word' id='word_1_10' title='bbox 669 220 919 275; x_wconf 74' lang='lat' dir='ltr'>Hectoris</span> <span class='ocrx_word' id='word_1_11' title='bbox 967 221 1307 291; x_wconf 85' lang='lat' dir='ltr'>sepulchrum</span> <span class='ocrx_word' id='word_1_12' title='bbox 1362 221 1588 291; x_wconf 85' lang='lat' dir='ltr'>profecti</span> <span class='ocrx_word' id='word_1_13' title='bbox 1644 225 1785 274; x_wconf 90' lang='lat' dir='ltr'>sunt.</span> 
     </span>
     <span class='ocr_line' id='line_1_3' title="bbox 136 295 1786 368; baseline -0.002 -17"><span class='ocrx_word' id='word_1_14' title='bbox 136 299 331 368; x_wconf 86' lang='lat' dir='ltr'>quibus</span> <span class='ocrx_word' id='word_1_15' title='bbox 373 298 560 351; x_wconf 82' lang='lat' dir='ltr'>obvius</span> <span class='ocrx_word' id='word_1_16' title='bbox 600 297 668 350; x_wconf 84' lang='lat' dir='ltr'>fit</span> <span class='ocrx_word' id='word_1_17' title='bbox 705 295 966 349; x_wconf 90' lang='lat' dir='ltr'>Achilles:</span> <span class='ocrx_word' id='word_1_18' title='bbox 1007 295 1334 365; x_wconf 80' lang='lat' dir='ltr'>Polyxenam</span> <span class='ocrx_word' id='word_1_19' title='bbox 1375 295 1786 364; x_wconf 71' lang='lat' dir='ltr'>contemplatur,</span> 
     </span>
     <span class='ocr_line' id='line_1_4' title="bbox 136 370 1785 442; baseline -0.002 -17"><span class='ocrx_word' id='word_1_20' title='bbox 136 372 257 442; x_wconf 86' lang='lat' dir='ltr'>figit</span> <span class='ocrx_word' id='word_1_21' title='bbox 303 372 564 439; x_wconf 89' lang='lat' dir='ltr'>animum,</span> <span class='ocrx_word' id='word_1_22' title='bbox 613 388 790 423; x_wconf 89' lang='lat' dir='ltr'>amare</span> <span class='ocrx_word' id='word_1_23' title='bbox 836 370 1178 422; x_wconf 88' lang='lat' dir='ltr'>vehementer</span> <span class='ocrx_word' id='word_1_24' title='bbox 1224 388 1342 422; x_wconf 92' lang='lat' dir='ltr'>eam</span> <span class='ocrx_word' id='word_1_25' title='bbox 1390 370 1579 439; x_wconf 87' lang='lat' dir='ltr'>coepit.</span> <span class='ocrx_word' id='word_1_26' title='bbox 1656 373 1785 421; x_wconf 92' lang='lat' dir='ltr'>tunc</span> 
     </span>
     <span class='ocr_line' id='line_1_5' title="bbox 136 443 1851 514; baseline -0.003 -15"><span class='ocrx_word' id='word_1_27' title='bbox 136 447 326 499; x_wconf 89' lang='lat' dir='ltr'>ardore</span> <span class='ocrx_word' id='word_1_28' title='bbox 373 446 662 514; x_wconf 85' lang='lat' dir='ltr'>conpulsus</span> <span class='ocrx_word' id='word_1_29' title='bbox 702 444 945 498; x_wconf 88' lang='lat' dir='ltr'>odiosam</span> <span class='ocrx_word' id='word_1_30' title='bbox 991 444 1048 495; x_wconf 91' lang='lat' dir='ltr'>in</span> <span class='ocrx_word' id='word_1_31' title='bbox 1088 461 1268 497; x_wconf 89' lang='lat' dir='ltr'>amore</span> <span class='ocrx_word' id='word_1_32' title='bbox 1311 444 1478 496; x_wconf 88' lang='lat' dir='ltr'>vitam</span> <span class='ocrx_word' id='word_1_33' title='bbox 1519 443 1788 496; x_wconf 91' lang='lat' dir='ltr'>consumit</span> <span class='ocrx_word' id='word_1_34' title='bbox 1843 482 1851 486; x_wconf 82' lang='lat'>-</span> 
     </span>
     <span class='ocr_line' id='line_1_6' title="bbox 139 517 1830 590; baseline -0.002 -17"><span class='ocrx_word' id='word_1_35' title='bbox 139 524 193 573; x_wconf 90' lang='lat' dir='ltr'>et</span> <span class='ocrx_word' id='word_1_36' title='bbox 240 537 397 590; x_wconf 86' lang='lat' dir='ltr'>aegre</span> <span class='ocrx_word' id='word_1_37' title='bbox 442 519 649 572; x_wconf 89' lang='lat' dir='ltr'>ferebat</span> <span class='ocrx_word' id='word_1_38' title='bbox 695 518 1003 587; x_wconf 89' lang='lat' dir='ltr'>ademptum</span> <span class='ocrx_word' id='word_1_39' title='bbox 1049 517 1335 587; x_wconf 91' lang='lat' dir='ltr'>imperium</span> <span class='ocrx_word' id='word_1_40' title='bbox 1385 517 1787 588; x_wconf 85' lang='lat' dir='ltr'>Agamemnoni</span> <span class='ocrx_word' id='word_1_41' title='bbox 1809 531 1830 563; x_wconf 86' lang='lat'>5</span> 
     </span>
     <span class='ocr_line' id='line_1_7' title="bbox 140 592 1788 664; baseline -0.002 -17"><span class='ocrx_word' id='word_1_42' title='bbox 140 595 347 664; x_wconf 81' lang='lat' dir='ltr'>sibique</span> <span class='ocrx_word' id='word_1_43' title='bbox 415 592 756 646; x_wconf 89' lang='lat' dir='ltr'>Palamedem</span> <span class='ocrx_word' id='word_1_44' title='bbox 824 592 1204 661; x_wconf 90' lang='lat' dir='ltr'>praepositum.</span> <span class='ocrx_word' id='word_1_45' title='bbox 1312 595 1536 663; x_wconf 85' lang='lat' dir='ltr'>cogente</span> <span class='ocrx_word' id='word_1_46' title='bbox 1607 609 1788 644; x_wconf 89' lang='lat' dir='ltr'>amore</span> 
     </span>
     <span class='ocr_line' id='line_1_8' title="bbox 141 660 1790 738; baseline -0.002 -16"><span class='ocrx_word' id='word_1_47' title='bbox 141 667 375 738; x_wconf 84' lang='lat' dir='ltr'>Phrygio</span> <span class='ocrx_word' id='word_1_48' title='bbox 431 685 582 720; x_wconf 86' lang='lat' dir='ltr'>servo</span> <span class='ocrx_word' id='word_1_49' title='bbox 635 666 944 719; x_wconf 89' lang='lat' dir='ltr'>fidelissimo</span> <span class='ocrx_word' id='word_1_50' title='bbox 999 666 1255 719; x_wconf 88' lang='lat' dir='ltr'>mandata</span> <span class='ocrx_word' id='word_1_51' title='bbox 1310 666 1403 719; x_wconf 87' lang='lat' dir='ltr'>dat</span> <span class='ocrx_word' id='word_1_52' title='bbox 1454 660 1676 718; x_wconf 87' lang='lat' dir='ltr'>ferenda</span> <span class='ocrx_word' id='word_1_53' title='bbox 1722 665 1790 718; x_wconf 90' lang='lat' dir='ltr'>ad</span> 
     </span>
     <span class='ocr_line' id='line_1_9' title="bbox 142 739 1788 810; baseline -0.002 -15"><span class='ocrx_word' id='word_1_54' title='bbox 142 741 418 796; x_wconf 89' lang='lat' dir='ltr'>Hecubam</span> <span class='ocrx_word' id='word_1_55' title='bbox 466 744 519 793; x_wconf 91' lang='lat' dir='ltr'>et</span> <span class='ocrx_word' id='word_1_56' title='bbox 565 741 632 792; x_wconf 91' lang='lat' dir='ltr'>ab</span> <span class='ocrx_word' id='word_1_57' title='bbox 684 759 747 792; x_wconf 92' lang='lat' dir='ltr'>ea</span> <span class='ocrx_word' id='word_1_58' title='bbox 799 740 903 792; x_wconf 88' lang='lat' dir='ltr'>sibi</span> <span class='ocrx_word' id='word_1_59' title='bbox 956 758 1175 792; x_wconf 87' lang='lat' dir='ltr'>uxorem</span> <span class='ocrx_word' id='word_1_60' title='bbox 1222 739 1551 810; x_wconf 80' lang='lat' dir='ltr'>Polyxenam</span> <span class='ocrx_word' id='word_1_61' title='bbox 1591 740 1788 809; x_wconf 86' lang='lat' dir='ltr'>poscit:</span> 
     </span>
     <span class='ocr_line' id='line_1_10' title="bbox 140 813 1790 883; baseline -0.002 -14"><span class='ocrx_word' id='word_1_62' title='bbox 140 816 189 869; x_wconf 90' lang='lat' dir='ltr'>si</span> <span class='ocrx_word' id='word_1_63' title='bbox 227 815 452 883; x_wconf 85' lang='lat' dir='ltr'>dederit,</span> <span class='ocrx_word' id='word_1_64' title='bbox 508 832 563 867; x_wconf 88' lang='lat' dir='ltr'>se</span> <span class='ocrx_word' id='word_1_65' title='bbox 610 832 731 867; x_wconf 92' lang='lat' dir='ltr'>cum</span> <span class='ocrx_word' id='word_1_66' title='bbox 771 813 881 866; x_wconf 92' lang='lat' dir='ltr'>suis</span> <span class='ocrx_word' id='word_1_67' title='bbox 920 813 1348 882; x_wconf 87' lang='lat' dir='ltr'>Myrmidonibus</span> <span class='ocrx_word' id='word_1_68' title='bbox 1397 814 1615 867; x_wconf 92' lang='lat' dir='ltr'>domum</span> <span class='ocrx_word' id='word_1_69' title='bbox 1654 814 1790 866; x_wconf 88' lang='lat' dir='ltr'>redi-</span> 
     </span>
     <span class='ocr_line' id='line_1_11' title="bbox 139 887 1859 958; baseline -0.002 -16"><span class='ocrx_word' id='word_1_70' title='bbox 139 893 347 957; x_wconf 89' lang='lat' dir='ltr'>turum,</span> <span class='ocrx_word' id='word_1_71' title='bbox 387 887 529 958; x_wconf 90' lang='lat' dir='ltr'>quod</span> <span class='ocrx_word' id='word_1_72' title='bbox 561 906 682 941; x_wconf 93' lang='lat' dir='ltr'>cum</span> <span class='ocrx_word' id='word_1_73' title='bbox 715 888 830 956; x_wconf 89' lang='lat' dir='ltr'>ipse</span> <span class='ocrx_word' id='word_1_74' title='bbox 861 887 1068 955; x_wconf 80' lang='lat' dir='ltr'>fecerit,</span> <span class='ocrx_word' id='word_1_75' title='bbox 1108 891 1313 940; x_wconf 88' lang='lat' dir='ltr'>ceteros</span> <span class='ocrx_word' id='word_1_76' title='bbox 1345 906 1507 957; x_wconf 91' lang='lat' dir='ltr'>porro</span> <span class='ocrx_word' id='word_1_77' title='bbox 1541 888 1788 941; x_wconf 86' lang='lat' dir='ltr'>ductores</span> <span class='ocrx_word' id='word_1_78' title='bbox 1816 903 1859 934; x_wconf 83' lang='lat'>1&gt;</span> 
     </span>
     <span class='ocr_line' id='line_1_12' title="bbox 140 961 1790 1030; baseline -0.002 -13"><span class='ocrx_word' id='word_1_79' title='bbox 140 963 283 1016; x_wconf 91' lang='lat' dir='ltr'>idem</span> <span class='ocrx_word' id='word_1_80' title='bbox 320 962 574 1016; x_wconf 84' lang='lat' dir='ltr'>facturos.</span> <span class='ocrx_word' id='word_1_81' title='bbox 636 979 818 1015; x_wconf 86' lang='lat' dir='ltr'>servus</span> <span class='ocrx_word' id='word_1_82' title='bbox 858 962 1212 1030; x_wconf 88' lang='lat' dir='ltr'>proficiscitur</span> <span class='ocrx_word' id='word_1_83' title='bbox 1252 962 1318 1014; x_wconf 89' lang='lat' dir='ltr'>ad</span> <span class='ocrx_word' id='word_1_84' title='bbox 1354 961 1633 1015; x_wconf 89' lang='lat' dir='ltr'>Hecubam</span> <span class='ocrx_word' id='word_1_85' title='bbox 1668 980 1790 1015; x_wconf 90' lang='lat' dir='ltr'>con·</span> 
     </span>
     <span class='ocr_line' id='line_1_13' title="bbox 140 1034 1793 1105; baseline -0.002 -15"><span class='ocrx_word' id='word_1_86' title='bbox 140 1038 291 1090; x_wconf 83' lang='lat' dir='ltr'>venit</span> <span class='ocrx_word' id='word_1_87' title='bbox 327 1036 584 1089; x_wconf 82' lang='lat' dir='ltr'>mandata</span> <span class='ocrx_word' id='word_1_88' title='bbox 631 1036 773 1089; x_wconf 89' lang='lat' dir='ltr'>dicit.</span> <span class='ocrx_word' id='word_1_89' title='bbox 848 1034 1074 1088; x_wconf 89' lang='lat' dir='ltr'>Hecuba</span> <span class='ocrx_word' id='word_1_90' title='bbox 1119 1036 1399 1105; x_wconf 88' lang='lat' dir='ltr'>respondit</span> <span class='ocrx_word' id='word_1_91' title='bbox 1444 1037 1578 1088; x_wconf 88' lang='lat' dir='ltr'>velle</span> <span class='ocrx_word' id='word_1_92' title='bbox 1620 1054 1699 1103; x_wconf 83' lang='lat' dir='ltr'>se,</span> <span class='ocrx_word' id='word_1_93' title='bbox 1747 1036 1793 1087; x_wconf 89' lang='lat' dir='ltr'>si</span> 
     </span>
     <span class='ocr_line' id='line_1_14' title="bbox 143 1109 1791 1179; baseline -0.001 -15"><span class='ocrx_word' id='word_1_94' title='bbox 143 1110 357 1164; x_wconf 90' lang='lat' dir='ltr'>Priamo</span> <span class='ocrx_word' id='word_1_95' title='bbox 411 1111 622 1179; x_wconf 90' lang='lat' dir='ltr'>placeat</span> <span class='ocrx_word' id='word_1_96' title='bbox 682 1110 797 1163; x_wconf 88' lang='lat' dir='ltr'>viro</span> <span class='ocrx_word' id='word_1_97' title='bbox 853 1128 973 1163; x_wconf 83' lang='lat' dir='ltr'>suo:</span> <span class='ocrx_word' id='word_1_98' title='bbox 1037 1110 1164 1162; x_wconf 92' lang='lat' dir='ltr'>dum</span> <span class='ocrx_word' id='word_1_99' title='bbox 1226 1110 1345 1179; x_wconf 90' lang='lat' dir='ltr'>ipsa</span> <span class='ocrx_word' id='word_1_100' title='bbox 1399 1128 1520 1163; x_wconf 93' lang='lat' dir='ltr'>cum</span> <span class='ocrx_word' id='word_1_101' title='bbox 1574 1109 1791 1163; x_wconf 88' lang='lat' dir='ltr'>Priamo</span> 
     </span>
     <span class='ocr_line' id='line_1_15' title="bbox 142 1183 1793 1255; baseline -0.001 -17"><span class='ocrx_word' id='word_1_102' title='bbox 142 1188 294 1255; x_wconf 86' lang='lat' dir='ltr'>agat,</span> <span class='ocrx_word' id='word_1_103' title='bbox 358 1202 569 1237; x_wconf 88' lang='lat' dir='ltr'>servum</span> <span class='ocrx_word' id='word_1_104' title='bbox 630 1184 826 1236; x_wconf 87' lang='lat' dir='ltr'>reverti</span> <span class='ocrx_word' id='word_1_105' title='bbox 886 1183 1048 1236; x_wconf 89' lang='lat' dir='ltr'>iubet.</span> <span class='ocrx_word' id='word_1_106' title='bbox 1150 1201 1333 1237; x_wconf 87' lang='lat' dir='ltr'>servus</span> <span class='ocrx_word' id='word_1_107' title='bbox 1400 1183 1597 1237; x_wconf 87' lang='lat' dir='ltr'>Achilli</span> <span class='ocrx_word' id='word_1_108' title='bbox 1666 1183 1793 1254; x_wconf 89' lang='lat' dir='ltr'>quid</span> 
     </span>
     <span class='ocr_line' id='line_1_16' title="bbox 141 1258 1863 1329; baseline -0.001 -17"><span class='ocrx_word' id='word_1_109' title='bbox 141 1259 315 1329; x_wconf 90' lang='lat' dir='ltr'>egerit</span> <span class='ocrx_word' id='word_1_110' title='bbox 351 1259 581 1311; x_wconf 90' lang='lat' dir='ltr'>nuntiat.</span> <span class='ocrx_word' id='word_1_111' title='bbox 668 1258 1048 1329; x_wconf 83' lang='lat' dir='ltr'>Agamemnon</span> <span class='ocrx_word' id='word_1_112' title='bbox 1107 1276 1229 1311; x_wconf 91' lang='lat' dir='ltr'>cum</span> <span class='ocrx_word' id='word_1_113' title='bbox 1274 1276 1474 1329; x_wconf 89' lang='lat' dir='ltr'>magno</span> <span class='ocrx_word' id='word_1_114' title='bbox 1535 1258 1795 1311; x_wconf 89' lang='lat' dir='ltr'>comitatu</span> <span class='ocrx_word' id='word_1_115' title='bbox 1820 1271 1863 1303; x_wconf 80' lang='lat'>15</span> 
     </span>
     <span class='ocr_line' id='line_1_17' title="bbox 144 1330 1795 1386; baseline -0.001 0"><span class='ocrx_word' id='word_1_116' title='bbox 144 1333 213 1386; x_wconf 90' lang='lat' dir='ltr'>ad</span> <span class='ocrx_word' id='word_1_117' title='bbox 259 1335 436 1386; x_wconf 86' lang='lat' dir='ltr'>castra</span> <span class='ocrx_word' id='word_1_118' title='bbox 479 1332 779 1385; x_wconf 83' lang='lat' dir='ltr'>revertitur.</span> <span class='ocrx_word' id='word_1_119' title='bbox 854 1330 1078 1384; x_wconf 89' lang='lat' dir='ltr'>Hecuba</span> <span class='ocrx_word' id='word_1_120' title='bbox 1125 1350 1246 1384; x_wconf 90' lang='lat' dir='ltr'>cum</span> <span class='ocrx_word' id='word_1_121' title='bbox 1292 1330 1510 1385; x_wconf 92' lang='lat' dir='ltr'>Priamo</span> <span class='ocrx_word' id='word_1_122' title='bbox 1558 1332 1622 1384; x_wconf 89' lang='lat' dir='ltr'>de</span> <span class='ocrx_word' id='word_1_123' title='bbox 1670 1350 1795 1385; x_wconf 95' lang='lat' dir='ltr'>con-</span> 
     </span>
     <span class='ocr_line' id='line_1_18' title="bbox 143 1405 1796 1476; baseline -0.001 -17"><span class='ocrx_word' id='word_1_124' title='bbox 143 1407 353 1461; x_wconf 84' lang='lat' dir='ltr'>dicione</span> <span class='ocrx_word' id='word_1_125' title='bbox 385 1406 613 1460; x_wconf 88' lang='lat' dir='ltr'>Achillis</span> <span class='ocrx_word' id='word_1_126' title='bbox 654 1406 1010 1476; x_wconf 86' lang='lat' dir='ltr'>conloquitur.</span> <span class='ocrx_word' id='word_1_127' title='bbox 1072 1405 1318 1459; x_wconf 87' lang='lat' dir='ltr'>Priamus</span> <span class='ocrx_word' id='word_1_128' title='bbox 1357 1406 1644 1476; x_wconf 80' lang='lat' dir='ltr'>respondet</span> <span class='ocrx_word' id='word_1_129' title='bbox 1681 1406 1796 1458; x_wconf 87' lang='lat' dir='ltr'>fieri</span> 
     </span>
     <span class='ocr_line' id='line_1_19' title="bbox 143 1480 1796 1550; baseline -0.001 -17"><span class='ocrx_word' id='word_1_130' title='bbox 143 1499 257 1534; x_wconf 89' lang='lat' dir='ltr'>non</span> <span class='ocrx_word' id='word_1_131' title='bbox 295 1493 478 1550; x_wconf 82' lang='lat' dir='ltr'>posse,</span> <span class='ocrx_word' id='word_1_132' title='bbox 515 1499 627 1533; x_wconf 94' lang='lat' dir='ltr'>non</span> <span class='ocrx_word' id='word_1_133' title='bbox 666 1481 808 1547; x_wconf 86' lang='lat' dir='ltr'>ideo,</span> <span class='ocrx_word' id='word_1_134' title='bbox 848 1480 991 1550; x_wconf 90' lang='lat' dir='ltr'>quod</span> <span class='ocrx_word' id='word_1_135' title='bbox 1029 1498 1151 1533; x_wconf 91' lang='lat' dir='ltr'>eum</span> <span class='ocrx_word' id='word_1_136' title='bbox 1190 1480 1474 1550; x_wconf 88' lang='lat' dir='ltr'>indignum</span> <span class='ocrx_word' id='word_1_137' title='bbox 1519 1480 1796 1533; x_wconf 88' lang='lat' dir='ltr'>adfinitate</span> 
     </span>
     <span class='ocr_line' id='line_1_20' title="bbox 145 1554 1796 1623; baseline -0.001 -15"><span class='ocrx_word' id='word_1_138' title='bbox 145 1555 438 1623; x_wconf 85' lang='lat' dir='ltr'>existimet,</span> <span class='ocrx_word' id='word_1_139' title='bbox 478 1554 571 1607; x_wconf 90' lang='lat' dir='ltr'>sed</span> <span class='ocrx_word' id='word_1_140' title='bbox 609 1554 655 1607; x_wconf 91' lang='lat' dir='ltr'>si</span> <span class='ocrx_word' id='word_1_141' title='bbox 688 1554 735 1606; x_wconf 92' lang='lat' dir='ltr'>ei</span> <span class='ocrx_word' id='word_1_142' title='bbox 775 1554 980 1607; x_wconf 89' lang='lat' dir='ltr'>dederit</span> <span class='ocrx_word' id='word_1_143' title='bbox 1012 1558 1067 1607; x_wconf 88' lang='lat' dir='ltr'>et</span> <span class='ocrx_word' id='word_1_144' title='bbox 1103 1555 1218 1623; x_wconf 87' lang='lat' dir='ltr'>ipse</span> <span class='ocrx_word' id='word_1_145' title='bbox 1256 1554 1560 1608; x_wconf 86' lang='lat' dir='ltr'>discesserit</span> <span class='ocrx_word' id='word_1_146' title='bbox 1591 1558 1796 1608; x_wconf 88' lang='lat' dir='ltr'>ceteros</span> 
     </span>
     <span class='ocr_line' id='line_1_21' title="bbox 146 1628 1867 1712; baseline -0.001 -30"><span class='ocrx_word' id='word_1_147' title='bbox 146 1647 259 1682; x_wconf 93' lang='lat' dir='ltr'>non</span> <span class='ocrx_word' id='word_1_148' title='bbox 309 1628 636 1682; x_wconf 84' lang='lat' dir='ltr'>discessuros</span> <span class='ocrx_word' id='word_1_149' title='bbox 683 1632 737 1681; x_wconf 91' lang='lat' dir='ltr'>et</span> <span class='ocrx_word' id='word_1_150' title='bbox 782 1628 1026 1712; x_wconf 83' lang='lat' dir='ltr'>iniquum</span> <span class='ocrx_word' id='word_1_151' title='bbox 1073 1646 1189 1681; x_wconf 89' lang='lat' dir='ltr'>esse</span> <span class='ocrx_word' id='word_1_152' title='bbox 1235 1628 1402 1681; x_wconf 86' lang='lat' dir='ltr'>filiam</span> <span class='ocrx_word' id='word_1_153' title='bbox 1450 1647 1602 1682; x_wconf 92' lang='lat' dir='ltr'>suam</span> <span class='ocrx_word' id='word_1_154' title='bbox 1652 1628 1798 1682; x_wconf 90' lang='lat' dir='ltr'>hosti</span> <span class='ocrx_word' id='word_1_155' title='bbox 1821 1643 1867 1675; x_wconf 80' lang='lat'>20</span> 
     </span>
     <span class='ocr_line' id='line_1_22' title="bbox 148 1702 1797 1787; baseline -0.001 -32"><span class='ocrx_word' id='word_1_156' title='bbox 148 1703 487 1772; x_wconf 82' lang='lat' dir='ltr'>coniungere.</span> <span class='ocrx_word' id='word_1_157' title='bbox 576 1705 904 1772; x_wconf 89' lang='lat' dir='ltr'>quapropter</span> <span class='ocrx_word' id='word_1_158' title='bbox 954 1703 1005 1755; x_wconf 83' lang='lat' dir='ltr'>si</span> <span class='ocrx_word' id='word_1_159' title='bbox 1038 1702 1104 1754; x_wconf 89' lang='lat' dir='ltr'>id</span> <span class='ocrx_word' id='word_1_160' title='bbox 1154 1703 1269 1755; x_wconf 91' lang='lat' dir='ltr'>fieri</span> <span class='ocrx_word' id='word_1_161' title='bbox 1319 1703 1472 1771; x_wconf 80' lang='lat' dir='ltr'>velit,</span> <span class='ocrx_word' id='word_1_162' title='bbox 1525 1721 1631 1772; x_wconf 86' lang='lat' dir='ltr'>pax</span> <span class='ocrx_word' id='word_1_163' title='bbox 1680 1720 1797 1787; x_wconf 82' lang='lat' dir='ltr'>per-</span> 
     </span>
     <span class='ocr_line' id='line_1_23' title="bbox 148 1775 1799 1845; baseline 0 -17"><span class='ocrx_word' id='word_1_164' title='bbox 148 1780 311 1845; x_wconf 91' lang='lat' dir='ltr'>petua</span> <span class='ocrx_word' id='word_1_165' title='bbox 350 1777 465 1845; x_wconf 87' lang='lat' dir='ltr'>fiat,</span> <span class='ocrx_word' id='word_1_166' title='bbox 506 1780 559 1828; x_wconf 90' lang='lat' dir='ltr'>et</span> <span class='ocrx_word' id='word_1_167' title='bbox 597 1777 860 1829; x_wconf 86' lang='lat' dir='ltr'>exercitus</span> <span class='ocrx_word' id='word_1_168' title='bbox 901 1775 1160 1844; x_wconf 84' lang='lat' dir='ltr'>discedat,</span> <span class='ocrx_word' id='word_1_169' title='bbox 1213 1776 1399 1830; x_wconf 87' lang='lat' dir='ltr'>foedus</span> <span class='ocrx_word' id='word_1_170' title='bbox 1439 1777 1552 1829; x_wconf 90' lang='lat' dir='ltr'>iure</span> <span class='ocrx_word' id='word_1_171' title='bbox 1594 1777 1799 1830; x_wconf 87' lang='lat' dir='ltr'>sancia-</span> 
     </span>
     <span class='ocr_line' id='line_1_24' title="bbox 148 1819 1800 1936; baseline 0.001 -34"><span class='ocrx_word' id='word_1_172' title='bbox 148 1854 257 1903; x_wconf 88' lang='lat' dir='ltr'>tur:</span> <span class='ocrx_word' id='word_1_173' title='bbox 299 1850 344 1903; x_wconf 90' lang='lat' dir='ltr'>si</span> <span class='ocrx_word' id='word_1_174' title='bbox 382 1850 437 1903; x_wconf 91' lang='lat' dir='ltr'>id</span> <span class='ocrx_word' id='word_1_175' title='bbox 452 1819 678 1903; x_wconf 58' lang='lat' dir='ltr'>’factum</span> <span class='ocrx_word' id='word_1_176' title='bbox 713 1850 804 1918; x_wconf 85' lang='lat' dir='ltr'>sit,</span> <span class='ocrx_word' id='word_1_177' title='bbox 845 1868 900 1902; x_wconf 89' lang='lat' dir='ltr'>se</span> <span class='ocrx_word' id='word_1_178' title='bbox 940 1850 1019 1902; x_wconf 94' lang='lat' dir='ltr'>illi</span> <span class='ocrx_word' id='word_1_179' title='bbox 1057 1851 1225 1903; x_wconf 89' lang='lat' dir='ltr'>filiam</span> <span class='ocrx_word' id='word_1_180' title='bbox 1264 1851 1494 1936; x_wconf 90' lang='lat' dir='ltr'>libenter</span> <span class='ocrx_word' id='word_1_181' title='bbox 1534 1851 1800 1904; x_wconf 90' lang='lat' dir='ltr'>daturum.</span> 
     </span>
    </p>
   </div>
   <div class='ocr_carea' id='block_1_3' title="bbox 150 1971 504 1979">
    <p class='ocr_par' dir='ltr' id='par_1_3' title="bbox 150 1971 504 1979">
     <span class='ocr_line' id='line_1_25' title="bbox 150 1971 504 1979; baseline 0 1199"><span class='ocrx_word' id='word_1_182' title='bbox 150 1971 504 1979; x_wconf 95' lang='lat' dir='ltr'> </span> 
     </span>
    </p>
   </div>
   <div class='ocr_carea' id='block_1_4' title="bbox 149 2024 1809 2438">
    <p class='ocr_par' dir='ltr' id='par_1_4' title="bbox 149 2024 1809 2438">
     <span class='ocr_line' id='line_1_26' title="bbox 269 2024 1798 2082; baseline -0.001 -11"><span class='ocrx_word' id='word_1_183' title='bbox 269 2033 293 2071; x_wconf 98' lang='grc'>1</span> <span class='ocrx_word' id='word_1_184' title='bbox 328 2026 388 2071; x_wconf 88' lang='lat' dir='ltr'>ad</span> <span class='ocrx_word' id='word_1_185' title='bbox 421 2039 515 2082; x_wconf 90' lang='lat' dir='ltr'>sep.</span> <span class='ocrx_word' id='word_1_186' title='bbox 548 2025 647 2070; x_wconf 87' lang='lat' dir='ltr'>eius</span> <span class='ocrx_word' id='word_1_187' title='bbox 674 2024 717 2070; x_wconf 91' lang='lat' dir='ltr'><strong><em>G</em></strong></span> <span class='ocrx_word' id='word_1_188' title='bbox 837 2031 862 2069; x_wconf 84' lang='lat'><strong>2</strong></span> <span class='ocrx_word' id='word_1_189' title='bbox 894 2024 990 2070; x_wconf 89' lang='lat' dir='ltr'>fuit</span> <span class='ocrx_word' id='word_1_190' title='bbox 1018 2025 1150 2078; x_wconf 81' lang='lat' dir='ltr'>libri,</span> <span class='ocrx_word' id='word_1_191' title='bbox 1182 2025 1235 2069; x_wconf 88' lang='lat' dir='ltr'>fit</span> <span class='ocrx_word' id='word_1_192' title='bbox 1268 2026 1525 2070; x_wconf 79' lang='lat' dir='ltr'>Mercerius</span> <span class='ocrx_word' id='word_1_193' title='bbox 1647 2031 1673 2070; x_wconf 88' lang='lat'><strong>3</strong></span> <span class='ocrx_word' id='word_1_194' title='bbox 1708 2039 1798 2069; x_wconf 89' lang='lat' dir='ltr'>am.</span> 
     </span>
     <span class='ocr_line' id='line_1_27' title="bbox 149 2083 1803 2152; baseline -0.001 -22"><span class='ocrx_word' id='word_1_195' title='bbox 149 2099 255 2130; x_wconf 81' lang='lat' dir='ltr'>eam</span> <span class='ocrx_word' id='word_1_196' title='bbox 286 2085 392 2130; x_wconf 89' lang='lat' dir='ltr'>ueh.</span> <span class='ocrx_word' id='word_1_197' title='bbox 425 2084 468 2152; x_wconf 87' lang='lat' dir='ltr'><strong><em>G</em></strong></span> <span class='ocrx_word' id='word_1_198' title='bbox 494 2087 500 2139; x_wconf 99' lang='grc' dir='ltr'>Ι</span> <span class='ocrx_word' id='word_1_199' title='bbox 528 2086 629 2128; x_wconf 80' lang='lat' dir='ltr'>tum</span> <span class='ocrx_word' id='word_1_200' title='bbox 662 2097 703 2128; x_wconf 88' lang='lat' dir='ltr'>a.</span> <span class='ocrx_word' id='word_1_201' title='bbox 735 2084 948 2141; x_wconf 88' lang='lat' dir='ltr'>inpulsus</span> <span class='ocrx_word' id='word_1_202' title='bbox 981 2083 1024 2128; x_wconf 92' lang='lat' dir='ltr'><strong><em>G</em></strong></span> <span class='ocrx_word' id='word_1_203' title='bbox 1144 2089 1172 2128; x_wconf 99' lang='lat'>4</span> <span class='ocrx_word' id='word_1_204' title='bbox 1204 2085 1415 2130; x_wconf 86' lang='lat' dir='ltr'>odiosam</span> <span class='ocrx_word' id='word_1_205' title='bbox 1443 2084 1541 2130; x_wconf 90' lang='lat' dir='ltr'>LG</span> <span class='ocrx_word' id='word_1_206' title='bbox 1602 2085 1803 2130; x_wconf 83' lang='lat' dir='ltr'>otiosam</span> 
     </span>
     <span class='ocr_line' id='line_1_28' title="bbox 150 2143 1795 2203; baseline -0.001 -14"><span class='ocrx_word' id='word_1_207' title='bbox 150 2145 196 2188; x_wconf 90' lang='lat' dir='ltr'><em>B</em></span> <span class='ocrx_word' id='word_1_208' title='bbox 224 2144 230 2203; x_wconf 95' lang='grc' dir='ltr'>Ι</span> <span class='ocrx_word' id='word_1_209' title='bbox 257 2145 408 2189; x_wconf 84' lang='lat' dir='ltr'>uitam</span> <span class='ocrx_word' id='word_1_210' title='bbox 446 2143 496 2188; x_wconf 89' lang='lat' dir='ltr'>in</span> <span class='ocrx_word' id='word_1_211' title='bbox 535 2156 693 2188; x_wconf 86' lang='lat' dir='ltr'>amore</span> <span class='ocrx_word' id='word_1_212' title='bbox 732 2143 775 2187; x_wconf 92' lang='lat' dir='ltr'><strong><em>G</em></strong></span> <span class='ocrx_word' id='word_1_213' title='bbox 843 2156 1112 2188; x_wconf 88' lang='lat' dir='ltr'>consumere</span> <span class='ocrx_word' id='word_1_214' title='bbox 1152 2156 1266 2201; x_wconf 90' lang='lat' dir='ltr'>coep</span> <span class='ocrx_word' id='word_1_215' title='bbox 1269 2143 1307 2188; x_wconf 91' lang='lat' dir='ltr'>it</span> <span class='ocrx_word' id='word_1_216' title='bbox 1346 2143 1389 2188; x_wconf 95' lang='lat' dir='ltr'><strong><em>G</em></strong></span> <span class='ocrx_word' id='word_1_217' title='bbox 1510 2150 1536 2188; x_wconf 76' lang='grc' dir='ltr'><em>ὃ</em></span> <span class='ocrx_word' id='word_1_218' title='bbox 1579 2158 1688 2202; x_wconf 89' lang='lat' dir='ltr'>egre</span> <span class='ocrx_word' id='word_1_219' title='bbox 1722 2143 1795 2200; x_wconf 77' lang='lat' dir='ltr'>G}</span> 
     </span>
     <span class='ocr_line' id='line_1_29' title="bbox 150 2201 1805 2317; baseline -0.001 -10"><span class='ocrx_word' id='word_1_220' title='bbox 150 2203 513 2307; x_wconf 47' lang='lat' dir='ltr'>{pggffiuxgmowlii</span> <span class='ocrx_word' id='word_1_221' title='bbox 542 2201 1134 2317; x_wconf 44' lang='lat' dir='ltr'>leandeatgoggxgtssgerfiig</span> <span class='ocrx_word' id='word_1_222' title='bbox 1158 2216 1458 2308; x_wconf 53' lang='grc' dir='ltr'>ἓωοῐῗαιξέἑῦ</span> <span class='ocrx_word' id='word_1_223' title='bbox 1469 2203 1805 2308; x_wconf 44' lang='grc' dir='ltr'>ᾖίοθῑιὲαὲιᾶῖ</span> 
     </span>
     <span class='ocr_line' id='line_1_30' title="bbox 152 2319 1803 2379; baseline 0.001 -14"><span class='ocrx_word' id='word_1_224' title='bbox 152 2326 180 2365; x_wconf 87' lang='lat'>9</span> <span class='ocrx_word' id='word_1_225' title='bbox 215 2321 254 2366; x_wconf 88' lang='lat' dir='ltr'>si</span> <span class='ocrx_word' id='word_1_226' title='bbox 285 2321 486 2379; x_wconf 86' lang='lat' dir='ltr'>dederit]</span> <span class='ocrx_word' id='word_1_227' title='bbox 511 2320 601 2365; x_wconf 86' lang='lat' dir='ltr'>hoc</span> <span class='ocrx_word' id='word_1_228' title='bbox 634 2320 673 2365; x_wconf 85' lang='lat' dir='ltr'>si</span> <span class='ocrx_word' id='word_1_229' title='bbox 713 2319 797 2365; x_wconf 87' lang='lat' dir='ltr'>fiat</span> <span class='ocrx_word' id='word_1_230' title='bbox 827 2320 968 2366; x_wconf 87' lang='lat' dir='ltr'>fidere</span> <span class='ocrx_word' id='word_1_231' title='bbox 1000 2320 1043 2366; x_wconf 89' lang='lat' dir='ltr'><strong><em>G</em></strong></span> <span class='ocrx_word' id='word_1_232' title='bbox 1069 2323 1076 2376; x_wconf 91' lang='grc' dir='ltr'>Ι</span> <span class='ocrx_word' id='word_1_233' title='bbox 1103 2321 1462 2366; x_wconf 84' lang='lat' dir='ltr'>mirmidonibus</span> <span class='ocrx_word' id='word_1_234' title='bbox 1493 2321 1589 2366; x_wconf 89' lang='lat' dir='ltr'>LG</span> <span class='ocrx_word' id='word_1_235' title='bbox 1616 2324 1622 2378; x_wconf 87' lang='grc' dir='ltr'>Ι</span> <span class='ocrx_word' id='word_1_236' title='bbox 1650 2321 1803 2366; x_wconf 88' lang='lat' dir='ltr'>reddi-</span> 
     </span>
     <span class='ocr_line' id='line_1_31' title="bbox 151 2379 1809 2438; baseline 0 -12"><span class='ocrx_word' id='word_1_237' title='bbox 151 2383 312 2426; x_wconf 85' lang='lat' dir='ltr'>turum</span> <span class='ocrx_word' id='word_1_238' title='bbox 351 2380 394 2424; x_wconf 89' lang='lat' dir='ltr'><strong><em>L</em></strong></span> <span class='ocrx_word' id='word_1_239' title='bbox 459 2379 734 2424; x_wconf 87' lang='lat' dir='ltr'>habiturum</span> <span class='ocrx_word' id='word_1_240' title='bbox 774 2379 816 2424; x_wconf 92' lang='lat' dir='ltr'><strong><em>G</em></strong></span> <span class='ocrx_word' id='word_1_241' title='bbox 966 2385 1019 2425; x_wconf 93' lang='lat'>10</span> <span class='ocrx_word' id='word_1_242' title='bbox 1064 2380 1162 2437; x_wconf 90' lang='lat' dir='ltr'>ipse</span> <span class='ocrx_word' id='word_1_243' title='bbox 1211 2393 1294 2425; x_wconf 85' lang='lat' dir='ltr'>om.</span> <span class='ocrx_word' id='word_1_244' title='bbox 1336 2380 1379 2425; x_wconf 91' lang='lat' dir='ltr'><strong><em>G</em></strong></span> <span class='ocrx_word' id='word_1_245' title='bbox 1413 2382 1418 2436; x_wconf 91' lang='grc' dir='ltr'>Ι</span> <span class='ocrx_word' id='word_1_246' title='bbox 1453 2394 1592 2438; x_wconf 85' lang='lat' dir='ltr'>porro</span> <span class='ocrx_word' id='word_1_247' title='bbox 1635 2393 1719 2426; x_wconf 83' lang='lat' dir='ltr'>om.</span> <span class='ocrx_word' id='word_1_248' title='bbox 1763 2380 1809 2426; x_wconf 91' lang='lat' dir='ltr'><strong><em>G</em></strong></span> 
     </span>
    </p>
   </div>
   <div class='ocr_carea' id='block_1_5' title="bbox 149 2449 1811 2778">
    <p class='ocr_par' dir='ltr' id='par_1_5' title="bbox 149 2449 1811 2778">
     <span class='ocr_line' id='line_1_32' title="bbox 277 2449 321 2474; baseline 0 0"><span class='ocrx_word' id='word_1_249' title='bbox 277 2449 321 2474; x_wconf 72' lang='grc'>80</span> 
     </span>
     <span class='ocr_line' id='line_1_33' title="bbox 157 2482 1806 2543; baseline 0 -14"><span class='ocrx_word' id='word_1_250' title='bbox 157 2490 211 2529; x_wconf 87' lang='grc'>11</span> <span class='ocrx_word' id='word_1_251' title='bbox 259 2484 442 2529; x_wconf 90' lang='lat' dir='ltr'>futuros</span> <span class='ocrx_word' id='word_1_252' title='bbox 482 2483 524 2527; x_wconf 90' lang='lat' dir='ltr'><em>L</em></span> <span class='ocrx_word' id='word_1_253' title='bbox 563 2485 567 2538; x_wconf 97' lang='grc' dir='ltr'>Ι</span> <span class='ocrx_word' id='word_1_254' title='bbox 603 2482 736 2528; x_wconf 86' lang='lat' dir='ltr'>uenit</span> <span class='ocrx_word' id='word_1_255' title='bbox 767 2482 810 2526; x_wconf 88' lang='lat' dir='ltr'><strong><em>L</em></strong></span> <span class='ocrx_word' id='word_1_256' title='bbox 881 2497 986 2528; x_wconf 90' lang='lat' dir='ltr'>cum</span> <span class='ocrx_word' id='word_1_257' title='bbox 1034 2482 1166 2529; x_wconf 84' lang='lat' dir='ltr'>uenit</span> <span class='ocrx_word' id='word_1_258' title='bbox 1204 2482 1255 2527; x_wconf 77' lang='lat' dir='ltr'>B¹</span> <span class='ocrx_word' id='word_1_259' title='bbox 1382 2488 1435 2528; x_wconf 82' lang='lat'>12</span> <span class='ocrx_word' id='word_1_260' title='bbox 1481 2483 1602 2528; x_wconf 85' lang='lat' dir='ltr'>dixit</span> <span class='ocrx_word' id='word_1_261' title='bbox 1638 2484 1682 2527; x_wconf 91' lang='lat' dir='ltr'><strong><em>L</em></strong></span> <span class='ocrx_word' id='word_1_262' title='bbox 1716 2484 1722 2543; x_wconf 94' lang='grc' dir='ltr'>Ι</span> <span class='ocrx_word' id='word_1_263' title='bbox 1758 2498 1806 2529; x_wconf 89' lang='lat' dir='ltr'>se</span> 
     </span>
     <span class='ocr_line' id='line_1_34' title="bbox 156 2542 1808 2602; baseline 0.001 -15"><span class='ocrx_word' id='word_1_264' title='bbox 156 2543 241 2589; x_wconf 85' lang='lat' dir='ltr'>sed</span> <span class='ocrx_word' id='word_1_265' title='bbox 275 2543 316 2588; x_wconf 88' lang='lat' dir='ltr'>si</span> <span class='ocrx_word' id='word_1_266' title='bbox 346 2543 390 2586; x_wconf 91' lang='lat' dir='ltr'><strong><em>L</em></strong></span> <span class='ocrx_word' id='word_1_267' title='bbox 512 2548 566 2587; x_wconf 89' lang='lat'>13</span> <span class='ocrx_word' id='word_1_268' title='bbox 598 2542 700 2587; x_wconf 90' lang='lat' dir='ltr'>uiro</span> <span class='ocrx_word' id='word_1_269' title='bbox 741 2557 776 2586; x_wconf 89' lang='lat' dir='ltr'>s.</span> <span class='ocrx_word' id='word_1_270' title='bbox 815 2542 878 2600; x_wconf 87' lang='lat' dir='ltr'>pl.</span> <span class='ocrx_word' id='word_1_271' title='bbox 914 2542 956 2588; x_wconf 91' lang='lat' dir='ltr'><strong><em>G</em></strong></span> <span class='ocrx_word' id='word_1_272' title='bbox 1080 2548 1135 2587; x_wconf 92' lang='lat'>14</span> <span class='ocrx_word' id='word_1_273' title='bbox 1167 2557 1328 2587; x_wconf 87' lang='lat' dir='ltr'>seruus</span> <span class='ocrx_word' id='word_1_274' title='bbox 1347 2569 1401 2575; x_wconf 85' lang='lat'>—</span> <span class='ocrx_word' id='word_1_275' title='bbox 1420 2543 1628 2602; x_wconf 85' lang='lat' dir='ltr'>nuntiat]</span> <span class='ocrx_word' id='word_1_276' title='bbox 1654 2543 1808 2588; x_wconf 83' lang='lat' dir='ltr'>Phiux</span> 
     </span>
     <span class='ocr_line' id='line_1_35' title="bbox 158 2601 1810 2660; baseline 0.001 -15"><span class='ocrx_word' id='word_1_277' title='bbox 158 2602 202 2645; x_wconf 91' lang='lat' dir='ltr'><strong><em>L</em></strong></span> <span class='ocrx_word' id='word_1_278' title='bbox 324 2607 379 2647; x_wconf 78' lang='lat'>16</span> <span class='ocrx_word' id='word_1_279' title='bbox 419 2601 476 2647; x_wconf 90' lang='lat' dir='ltr'>de</span> <span class='ocrx_word' id='word_1_280' title='bbox 517 2602 650 2647; x_wconf 90' lang='lat' dir='ltr'>cond.</span> <span class='ocrx_word' id='word_1_281' title='bbox 690 2602 790 2646; x_wconf 86' lang='lat' dir='ltr'>ach.</span> <span class='ocrx_word' id='word_1_282' title='bbox 831 2615 868 2646; x_wconf 89' lang='lat' dir='ltr'>c.</span> <span class='ocrx_word' id='word_1_283' title='bbox 909 2617 979 2660; x_wconf 91' lang='lat' dir='ltr'>pr.</span> <span class='ocrx_word' id='word_1_284' title='bbox 1021 2601 1064 2647; x_wconf 89' lang='lat' dir='ltr'><strong><em>G</em></strong></span> <span class='ocrx_word' id='word_1_285' title='bbox 1187 2607 1240 2646; x_wconf 79' lang='lat'>17</span> <span class='ocrx_word' id='word_1_286' title='bbox 1276 2601 1519 2660; x_wconf 87' lang='lat' dir='ltr'>respondit</span> <span class='ocrx_word' id='word_1_287' title='bbox 1549 2602 1593 2646; x_wconf 93' lang='lat' dir='ltr'><strong><em>L</em></strong></span> <span class='ocrx_word' id='word_1_288' title='bbox 1652 2616 1733 2647; x_wconf 82' lang='lat' dir='ltr'>rex</span> <span class='ocrx_word' id='word_1_289' title='bbox 1766 2603 1810 2647; x_wconf 90' lang='lat' dir='ltr'><strong><em>G</em></strong></span> 
     </span>
     <span class='ocr_line' id='line_1_36' title="bbox 149 2660 1811 2720; baseline 0 -14"><span class='ocrx_word' id='word_1_290' title='bbox 149 2675 241 2713; x_wconf 70' lang='lat' dir='ltr'>nos</span> <span class='ocrx_word' id='word_1_291' title='bbox 277 2661 529 2718; x_wconf 85' lang='lat' dir='ltr'>respondet</span> <span class='ocrx_word' id='word_1_292' title='bbox 653 2666 707 2706; x_wconf 89' lang='lat'>18</span> <span class='ocrx_word' id='word_1_293' title='bbox 739 2660 844 2706; x_wconf 92' lang='lat' dir='ltr'>ideo</span> <span class='ocrx_word' id='word_1_294' title='bbox 877 2674 960 2706; x_wconf 84' lang='lat' dir='ltr'>om.</span> <span class='ocrx_word' id='word_1_295' title='bbox 994 2662 1036 2705; x_wconf 92' lang='lat' dir='ltr'><strong><em>L</em></strong></span> <span class='ocrx_word' id='word_1_296' title='bbox 1069 2661 1075 2720; x_wconf 95' lang='grc' dir='ltr'>Ι</span> <span class='ocrx_word' id='word_1_297' title='bbox 1111 2661 1205 2706; x_wconf 90' lang='lat' dir='ltr'>ind.</span> <span class='ocrx_word' id='word_1_298' title='bbox 1247 2675 1352 2706; x_wconf 89' lang='lat' dir='ltr'>eum</span> <span class='ocrx_word' id='word_1_299' title='bbox 1389 2660 1466 2706; x_wconf 85' lang='lat' dir='ltr'>aff.</span> <span class='ocrx_word' id='word_1_300' title='bbox 1499 2661 1735 2707; x_wconf 86' lang='lat' dir='ltr'>existimet</span> <span class='ocrx_word' id='word_1_301' title='bbox 1766 2662 1811 2706; x_wconf 87' lang='lat' dir='ltr'>G-</span> 
     </span>
     <span class='ocr_line' id='line_1_37' title="bbox 157 2719 1807 2778; baseline 0 -13"><span class='ocrx_word' id='word_1_302' title='bbox 157 2734 266 2765; x_wconf 86' lang='lat' dir='ltr'>eum</span> <span class='ocrx_word' id='word_1_303' title='bbox 297 2720 392 2764; x_wconf 90' lang='lat' dir='ltr'>ind.</span> <span class='ocrx_word' id='word_1_304' title='bbox 417 2722 449 2764; x_wconf 89' lang='lat' dir='ltr'>t.</span> <span class='ocrx_word' id='word_1_305' title='bbox 483 2719 574 2765; x_wconf 80' lang='lat' dir='ltr'>ads.</span> <span class='ocrx_word' id='word_1_306' title='bbox 608 2722 865 2765; x_wconf 85' lang='lat' dir='ltr'>extremum</span> <span class='ocrx_word' id='word_1_307' title='bbox 898 2721 1115 2765; x_wconf 88' lang='lat' dir='ltr'>aestimet</span> <span class='ocrx_word' id='word_1_308' title='bbox 1137 2720 1181 2763; x_wconf 89' lang='lat' dir='ltr'><strong><em>L</em></strong></span> <span class='ocrx_word' id='word_1_309' title='bbox 1301 2725 1358 2765; x_wconf 80' lang='lat'>20</span> <span class='ocrx_word' id='word_1_310' title='bbox 1389 2720 1567 2778; x_wconf 81' lang='lat' dir='ltr'>hospiti</span> <span class='ocrx_word' id='word_1_311' title='bbox 1589 2720 1632 2764; x_wconf 91' lang='lat' dir='ltr'><strong><em>L</em></strong></span> <span class='ocrx_word' id='word_1_312' title='bbox 1752 2726 1807 2766; x_wconf 79' lang='lat'>21</span> 
     </span>
    </p>
   </div>
   <div class='ocr_carea' id='block_1_6' title="bbox 157 2784 1812 2936">
    <p class='ocr_par' dir='ltr' id='par_1_6' title="bbox 157 2784 1812 2936">
     <span class='ocr_line' id='line_1_38' title="bbox 157 2784 1812 2882; baseline 0.002 -16"><span class='ocrx_word' id='word_1_313' title='bbox 157 2822 304 2867; x_wconf 87' lang='lat' dir='ltr'>uellet</span> <span class='ocrx_word' id='word_1_314' title='bbox 345 2823 476 2876; x_wconf 82' lang='lat' dir='ltr'>libri,</span> <span class='ocrx_word' id='word_1_315' title='bbox 522 2835 604 2866; x_wconf 77' lang='lat' dir='ltr'>nos</span> <span class='ocrx_word' id='word_1_316' title='bbox 646 2822 763 2868; x_wconf 87' lang='lat' dir='ltr'>velit</span> <span class='ocrx_word' id='word_1_317' title='bbox 890 2829 945 2868; x_wconf 78' lang='lat'>22</span> <span class='ocrx_word' id='word_1_318' title='bbox 987 2784 1119 2869; x_wconf 60' lang='lat' dir='ltr'>fiereet</span> <span class='ocrx_word' id='word_1_319' title='bbox 1159 2824 1202 2867; x_wconf 94' lang='lat' dir='ltr'><strong><em>L</em></strong></span> <span class='ocrx_word' id='word_1_320' title='bbox 1277 2824 1362 2868; x_wconf 90' lang='lat' dir='ltr'>fiat</span> <span class='ocrx_word' id='word_1_321' title='bbox 1407 2826 1454 2869; x_wconf 88' lang='lat' dir='ltr'>et</span> <span class='ocrx_word' id='word_1_322' title='bbox 1488 2823 1532 2868; x_wconf 89' lang='lat' dir='ltr'><strong><em>G</em></strong></span> <span class='ocrx_word' id='word_1_323' title='bbox 1565 2823 1574 2882; x_wconf 97' lang='grc' dir='ltr'>Ι</span> <span class='ocrx_word' id='word_1_324' title='bbox 1608 2824 1812 2870; x_wconf 83' lang='lat' dir='ltr'>foederis</span> 
     </span>
     <span class='ocr_line' id='line_1_39' title="bbox 158 2881 777 2936; baseline 0.003 -12"><span class='ocrx_word' id='word_1_325' title='bbox 158 2881 262 2924; x_wconf 87' lang='lat' dir='ltr'>iuta</span> <span class='ocrx_word' id='word_1_326' title='bbox 293 2881 336 2925; x_wconf 92' lang='lat' dir='ltr'><strong><em>G</em></strong></span> <span class='ocrx_word' id='word_1_327' title='bbox 364 2884 368 2936; x_wconf 98' lang='grc' dir='ltr'>Ι</span> <span class='ocrx_word' id='word_1_328' title='bbox 398 2881 690 2926; x_wconf 86' lang='lat' dir='ltr'>sanctiantur</span> <span class='ocrx_word' id='word_1_329' title='bbox 721 2882 777 2927; x_wconf 91' lang='lat' dir='ltr'>G.</span> 
     </span>
    </p>
   </div>
   <div class='ocr_carea' id='block_1_7' title="bbox 249 2962 1542 3002">
    <p class='ocr_par' dir='ltr' id='par_1_7' title="bbox 249 2962 1542 3002">
     <span class='ocr_line' id='line_1_40' title="bbox 249 2962 1542 3002; baseline 0.005 -7"><span class='ocrx_word' id='word_1_330' title='bbox 249 2963 385 2995; x_wconf 51' lang='lat' dir='ltr'>Damas</span> <span class='ocrx_word' id='word_1_331' title='bbox 410 2964 628 2997; x_wconf 75' lang='lat' dir='ltr'>Pnnmms.</span> <span class='ocrx_word' id='word_1_332' title='bbox 1514 2962 1542 3002; x_wconf 84' lang='lat'><strong>3</strong></span> 
     </span>
    </p>
   </div>
  </div>
 </body>
</html>
