1956 3178
34 0 358 57 'wa-'³¹2'
377 0 506 18 ern-1,—
683 0 696 7 ·'
852 0 857 4 ·
921 0 937 5 ·“

53 46 133 68 ,ἠι-
271 51 293 63 .-

39 67 74 101 5³

242 141 255 148 θ
719 55 730 61 ”
754 26 1178 124 pmhmmo.
1386 39 1397 48 ”
1613 96 1797 136 mm

141 201 318 256 16661
364 201 543 255 16726
586 200 768 253 17040
812 199 991 253 17055
1035 195 1240 270 17108)
1279 198 1379 252 Itis
1413 200 1499 252 vel
1529 198 1655 252 Ytis
1694 201 1727 253 i.
1751 218 1794 253 e.

137 275 325 344 Dictys
365 275 689 329 nominatur.
769 272 872 327 Sed
919 274 1224 326 maximum
1262 274 1322 326 in
1363 292 1595 326 errorem
1637 274 1800 326 addu-

138 354 366 419 ceretur,
422 351 467 416 si
507 349 625 418 quis
666 348 793 400 inde
833 348 1114 418 colligeret
1158 348 1338 416 ipsum
1378 346 1635 400 Daretem
1685 366 1807 400 eum

138 424 449 493 inspexisse,
488 442 618 475 nam
656 422 847 475 iisdem
886 422 970 474 his
1005 422 1138 474 locis
1165 422 1328 474 etiam
1354 421 1678 475 Benedictus
1702 421 1808 474 Da-

135 499 265 550 retis
288 498 618 551 mentionem
642 496 784 564 facit,
824 514 945 549 cum
984 495 1162 565 potius
1187 496 1311 548 inde
1336 514 1547 566 quoque
1572 496 1797 550 iudicari

133 572 311 640 possit
361 574 561 642 quanta
610 570 714 623 fide
764 570 972 622 fontem
1024 589 1179 622 suum
1231 574 1444 623 secutus
1491 571 1574 622 sit.
1654 569 1795 633 Quid

136 645 279 715 quod
328 647 491 698 etiam
541 645 840 713 complures
892 645 1200 712 interpretis
1243 663 1472 712 erroreS‚
1511 645 1799 713 proverbia

137 719 398 788 quaedam
453 718 877 788 Francogallica‚
932 719 1063 788 quin
1118 718 1282 771 immo
1337 736 1494 771 voces
1556 717 1790 772 Franco-

134 793 358 863 gallicae
396 795 639 861 receptae
679 793 943 861 originem
982 793 1059 844 ita
1081 792 1337 861 indicant,
1377 795 1437 844 ut
1460 793 1618 860 plane
1643 793 1796 844 nulla

136 866 399 919 dubitatio
455 884 572 919 esse
626 867 810 934 possit.
910 864 1054 918 Nam
1093 885 1214 918 cum
1257 866 1401 934 apud
1438 865 1791 919 Benedictum

140 938 210 1010 (v.
251 937 431 1011 3029)
474 940 696 1009 legisset
1063 981 1066 984 .

423 1013 473 1066 A
510 1032 614 1066 une
654 1016 777 1082 part
815 1014 935 1066 font
973 1013 1138 1066 Ylion

407 1086 489 1139 De
529 1087 686 1140 Troie
726 1088 775 1139 16
813 1091 1009 1140 mestre
1048 1088 1243 1154 daujon

141 1159 247 1231 (vel
260 1159 482 1231 doujon)
496 1162 635 1213 male
659 1162 944 1214 intellectis
963 1162 1047 1214 his
1065 1162 1241 1214 verbis
1260 1163 1420 1214 vertit
1440 1162 1514 1215 sic
1533 1159 1805 1234 (v.1795):

408 1234 499 1287 Un
535 1235 651 1287 hiez
693 1236 796 1287 den
835 1239 979 1287 turm
1017 1236 1179 1304 ylion.

409 1308 530 1361 Den
569 1310 803 1362 worchte
843 1311 988 1362 einer
1027 1310 1118 1362 der
1156 1310 1242 1361 hiz
1282 1309 1520 1363 Dom'on.

142 1381 332 1434 deinde
373 1401 494 1435 cum
533 1383 829 1436 invenisset
870 1384 1010 1452 apud
1048 1384 1201 1435 illum
1243 1381 1314 1454 (v,
1356 1382 1530 1455 5593)
1628 1438 1638 1442 ,

301 1501 305 1504 .
407 1455 482 1509 Et
521 1457 584 1508 de
623 1456 794 1510 Boece
836 1458 900 1510 de
941 1458 1097 1510 Z’enor

409 1529 578 1582 Entre
618 1531 886 1584 Archelax
925 1535 979 1583 et
1015 1531 1320 1586 Prothenor

141 1621 270 1655 voce
323 1603 482 1656 Z'cnor
534 1602 589 1674 (i.
641 1623 682 1657 e.
734 1603 1041 1675 imperium)
1093 1606 1231 1658 male
1283 1607 1555 1659 intellecta
1603 1610 1804 1660 terram

140 1677 315 1746 ipsam
339 1678 480 1730 unde
509 1678 721 1743 oriundi
746 1683 928 1731 essent
953 1680 1246 1749 significari
1271 1680 1496 1733 credidit
1521 1679 1591 1751 (v.
1621 1678 1805 1752 3313).

142 1750 332 1802 deinde
371 1752 536 1804 verba
575 1752 718 1804 illius
760 1750 829 1823 (v,
872 1752 1042 1823 5949)

409 1825 496 1877 En
537 1826 589 1877 16
629 1830 791 1895 grant
831 1827 975 1879 selue
1015 1830 1319 1880 renommee

416 1898 519 1961 Qui
557 1900 724 1952 Elida
763 1903 846 1953 est
885 1901 1065 1970 apelee

144 1969 214 2041 (v,
255 1970 425 2041 3611)
466 1973 868 2042 interpretatur:

411 2046 562 2099 keret
600 2048 658 2099 in
697 2049 800 2100 den
839 2049 967 2100 walt
990 2050 1138 2116 gysla,

144 2122 424 2187 tamquam
465 2121 723 2188 scriptum
763 2122 955 2174 fuisset
994 2141 1061 2174 au
1101 2123 1219 2174 lide.

292 2191 441 2244 Idem
479 2212 589 2246 non
630 2195 760 2246 satis
800 2196 1071 2248 intellecta
1110 2197 1274 2249 verba
1314 2198 1357 2250 Ze
1382 2198 1553 2252 cheval
1575 2200 1634 2252 de
1656 2200 1809 2252 nubie

143 2265 304 2317 vertit
343 2264 412 2336 (v.
454 2265 621 2338 6302)

411 2339 523 2392 Daz
562 2360 650 2394 ros
692 2343 759 2394 da
798 2361 855 2394 er
893 2344 999 2395 uffe
1039 2363 1127 2396 saz

412 2413 524 2465 Daz
564 2415 687 2467 hete
727 2417 820 2468 der
858 2417 1052 2470 wollcen
1093 2419 1323 2471 snelheit

145 2485 369 2555 denique
427 2489 532 2540 alio
591 2490 709 2542 loco
756 2508 941 2543 vocem
988 2493 1121 2559 afiyle
1181 2511 1316 2562 quae
1357 2493 1556 2562 scripta
1594 2497 1709 2546 erat
1754 2498 1809 2547 et

145 2561 294 2627 anyle
336 2562 671 2615 confundens
711 2564 852 2616 inter
892 2583 948 2617 se
989 2562 1058 2635 (v.
1103 2565 1306 2637 15779)
1349 2558 1554 2620 scribit:

410 2634 511 2687 Die
549 2637 670 2689 wile
711 2656 873 2707 quam
912 2639 1000 2691 ein
1038 2641 1178 2708 θαρρεῖ
1217 2640 1312 2692 dar
1472 2659 1475 2661 ’

411 2708 551 2761 Oder
583 2710 675 2763 der
712 2711 847 2764 tufel
887 2731 957 2764 an
997 2713 1089 2765 der
1129 2714 1320 2783 gebere

411 2782 509 2834 Als
549 2801 606 2835 er
645 2785 732 2836 ein
772 2787 929 2856 enge]
967 2805 1121 2839 were.

293 2854 584 2908 Proverbia
621 2856 1026 2929 Francogallica
1066 2864 1353 2913 occurrunt
1391 2880 1438 2914 v,
1471 2862 1615 2915 5459
1659 2863 1803 2915 7574

235 2950 372 2983 DAnns
398 2951 615 2984 Pnnmms.
