1956 3178
240 49 314 102 40
757 51 976 101 DICTYS
1009 47 1339 93 CRETENSIS

242 179 323 230 tot
368 176 633 228 bellorum
679 175 929 226 victorias
987 192 1048 227 ac
1104 174 1247 228 facta
1291 174 1454 228 fortia
1498 126 1866 257 Hippodamia
1900 221 1908 228 .

245 264 554 300 0011003311111
602 263 699 313 pro
757 245 1029 296 laboribus
1084 246 1380 314 praemium
1447 264 1542 314 per
1605 247 1859 301 iniuriam
1908 278 1916 285 ·

245 316 474 370 abducta
511 318 662 368 esset.
727 314 851 367 dein
888 316 1159 367 venientes
1197 315 1263 367 ad
1301 334 1356 367 se
1383 317 1540 368 duces
1566 317 1713 370 aditu
1735 337 1862 398 pro·
1907 332 1918 338 ·

246 387 430 440 hibere
467 403 642 454 neque
690 385 939 453 cuiquam
986 386 1277 438 amicorum
1316 387 1617 455 ignoscere,
1656 389 1749 456 qui
1786 405 1861 456 se,
1900 398 1923 450 ⁷:
1954 428 1956 430 -

203 472 225 504 5
248 457 529 514 adversum
566 455 986 525 Agamemnonis
1025 457 1374 515 contumelias
1419 475 1540 509 cum
1577 457 1868 511 defendere

245 529 445 595 liceret,
485 526 857 578 deseruissent.
920 526 1065 578 intus
1103 527 1269 596 igitur
1292 545 1515 579 manens
1552 520 1861 581 Patroclum

248 603 302 651 et
337 598 660 664 Phoenicen,
699 596 843 649 hunc
881 615 1091 649 morum
1127 598 1457 666 magistrum,
1505 599 1731 650 alterum
1770 599 1863 651 ob·

249 669 446 736 sequiis
484 667 750 720 amicitiae
789 684 997 735 carum,
1047 670 1100 719 et
1138 669 1379 736 aurigam
1417 687 1570 720 suum
1606 671 1863 722 Autome—
1922 680 1930 698 ’-

249 739 467 791 dontem
506 756 684 790 secum
721 737 1001 789 retinebat.

184 825 226 856 10
390 808 614 861 XXXV.
688 807 792 860 Per
839 807 980 859 idem
1026 811 1237 876 tempus
1283 808 1424 876 apud
1462 808 1679 860 Troiam
1718 827 1865 861 exer-

250 880 386 932 citus
435 879 702 932 sociorum
750 879 947 946 quique
995 878 1237 930 mercede
1284 879 1532 931 conducti
1580 879 1868 931 auxiliares

254 950 436 1018 copias
474 949 832 1016 adduxerant,
870 952 1110 1016 tempore
1147 949 1317 1000 multo
1355 949 1554 1001 frustra
1590 950 1718 1002 trito
1758 961 1864 1001 tae·
1920 968 1930 970 “

251 1024 407 1072 dione
427 1038 495 1072 an
516 1019 884 1071 recordatione
905 1036 1122 1070 suorum
1139 1018 1283 1071 domi
1304 1019 1620 1072 seditionem
1641 1020 1865 1088 occipie-
1938 1029 1944 1037 '

251 1090 399 1142 bant.
477 1090 619 1158 quod
656 1089 749 1141 ubi
787 1089 1165 1141 animadvertit
1197 1088 1400 1141 Hector
1437 1098 1648 1142 coactus
1685 1107 1865 1142 neces-

187 1176 228 1208 15
251 1161 408 1213 sitate
445 1160 707 1212 militibus
756 1164 817 1211 ut
855 1159 996 1227 apud
1043 1177 1190 1211 arma
1228 1163 1403 1211 essent
1440 1161 1589 1212 iubet
1625 1177 1685 1212 ac
1722 1178 1865 1228 111011,
1936 1156 1947 1171 *

251 1231 344 1283 ubi
383 1231 598 1300 signum
637 1230 876 1297 daretur,
927 1233 1275 1297 sequerentur
1317 1247 1445 1282 sese.
1520 1231 1686 1300 igitur
1721 1235 1891 1298 post-·
1943 1232 1945 1234 ’

252 1319 412 1369 quam
438 1305 649 1368 tempus
675 1300 849 1352 visum
876 1303 955 1351 est
990 1303 1043 1351 et
1069 1317 1252 1352 omnes
1277 1300 1335 1351 in
1361 1302 1522 1352 armis
1546 1301 1869 1352 nuntiaban-
1935 1356 1939 1358 ,

251 1375 355 1440 tur,
394 1371 543 1423 iubet
580 1369 785 1440 egredi:
823 1370 937 1438 ipse
976 1370 1081 1421 dux
1107 1373 1266 1437 atque
1304 1370 1595 1438 imperator
1624 1370 1864 1422 militiae.
1936 1432 1941 1433 ⁷

394 1441 499 1493 Res
546 1440 818 1520 postulare
864 1439 1075 1492 videtur
1122 1458 1305 1492 eorum
1351 1458 1527 1510 regeS,
1587 1441 1679 1509 qui
1734 1441 1867 1494 30011
1890 1478 1900 1487 ⁵
1945 1450 1956 1515 Ξ·

188 1528 230 1560 20
254 1514 413 1579 atque
461 1512 616 1563 amici
662 1510 854 1562 Troiae
893 1511 1089 1578 quique
1137 1511 1206 1562 ob
1248 1511 1545 1562 mercedem
1584 1511 1872 1562 auxiliares

255 1601 319 1635 ex
356 1582 578 1634 diversis
615 1580 925 1650 regionibus
974 1581 1234 1632 contracti
1271 1579 1660 1633 Priamidarum
1702 1581 1867 1660 impe-
1915 1579 1956 1640 ’,ζ-

253 1652 395 1704 1111111
450 1653 836 1719 sequebantur,
894 1650 1113 1703 edicere.
1205 1651 1408 1718 primus
1472 1651 1638 1720 igitur
1696 1651 1871 1719 portis
1948 1700 1956 1706 .

255 1722 487 1790 erumpit
534 1721 809 1774 Pandarus
861 1719 1109 1787 Lycaone
1158 1721 1372 1790 genitus
1416 1738 1479 1772 ex
1517 1721 1695 1790 Lycia,
1743 1720 1869 1772 dein
1949 1719 1956 1721 ’

254 1791 601 1861 Hippothous
658 1795 710 1843 et
745 1790 970 1859 Pylaeus
1006 1764 1190 1842 Lethie'
1197 1809 1260 1842 ex
1307 1790 1520 1843 Larissa
1563 1763 1866 1860 Pelasgida-
1940 1825 1947 1831 -

194 1878 236 1911 25
257 1881 392 1928 rum,
431 1864 658 1914 Acamas
686 1860 894 1913 Eussori
932 1870 979 1912 et
1015 1861 1169 1913 Piros
1196 1879 1259 1913 ex
1294 1861 1536 1930 Thracia,
1573 1864 1696 1929 post
1733 1879 1871 1929 quos
1945 1852 1956 1908 j

255 1932 378 2001 Eup
378 1904 568 1985 'hernus
607 1931 927 1983 Troezenius
967 1930 1199 1983 Ciconiis
1236 1931 1555 1999 inperitanS,
1595 1931 1874 1999 Pylaeme-
1918 1925 1956 1993 2⁷

255 2021 351 2055 nes
401 2002 804 2071 Paphlagonius
849 2004 1000 2069 patre
1047 2000 1105 2052 M
1110 2001 1212 2053 eho
1260 2002 1524 2070 gloriosus
1536 2043 1551 2070 ,
1602 2000 1766 2053 Odius
1797 2004 1871 2055 et

256 2072 616 2140 Epistiophus
654 2072 751 2123 filii
788 2070 961 2122 Minui
996 2073 1343 2124 Alizonorum
1380 2089 1569 2141 regeS,
1595 2070 1871 2139 Sarpedon
1940 2103 1941 2106 =

371 2214 541 2254 XXXV
571 2217 721 2256 Dares
753 2214 981 2267 Phrygius
1014 2227 1052 2254 0.
1087 2213 1253 2259 XVIII,

374 2329 398 2368 8
445 2326 814 2368 automedentem
871 2325 905 2366 G
1036 2327 1087 2365 12
1134 2325 1349 2366 frustrari
1386 2330 1485 2367 tota
1541 2325 1740 2366 editione
1789 2324 1937 2364 GV

261 2383 433 2424 frustra
464 2384 573 2423 trito
607 2379 810 2423 editione
843 2381 883 2420 B
915 2394 1028 2424 corr.
1060 2381 1284 2422 Mer-cerus
1390 2384 1442 2422 13
1474 2380 1872 2423 domiseditionem

260 2439 371 2489 libri,
396 2439 724 2479 domuitionem
744 2438 986 2485 Memerus,
1007 2438 1055 2477 in
1077 2436 1254 2478 domum
1285 2436 1557 2478 leditionem
1577 2437 1867 2477 Dederiohus

262 2495 561 2548 accipiebant
602 2495 679 2535 GB
803 2495 857 2534 20
889 2493 1109 2533 axiliares
1143 2494 1178 2534 G
1265 2496 1318 2533 24
1347 2493 1606 2546 yppothous
1639 2492 1674 2533 G
1730 2505 1872 2544 yppo-

262 2554 366 2592 tous
397 2551 439 2591 B
466 2548 472 2602 Ι
498 2551 622 2603 pylei
656 2550 733 2591 GB
764 2552 886 2602 Zonye
917 2551 1082 2590 recedit
1113 2562 1140 2589 a
1170 2549 1302 2600 libris,
1335 2551 1449 2602 quod
1474 2549 1700 2601 proposuit
1731 2549 1870 2588 Dede=
1929 2580 1931 2582 r

260 2607 402 2647 rioilus
456 2611 501 2648 et
554 2607 757 2659 Pylaeus
816 2605 955 2647 Lethi
999 2604 1004 2656 Ι
1038 2604 1357 2658 pelagidamm
1405 2604 1483 2645 GB
1626 2605 1680 2644 25
1725 2599 1874 2643 anieri

262 2662 379 2715 pleri
403 2662 437 2703 G
487 2665 630 2703 ameli
652 2663 789 2715 plena
810 2662 852 2701 B
900 2661 1092 2703 Eussori
1116 2665 1162 2701 et
1192 2663 1411 2701 admodum
1441 2663 1647 2701 uiolenter
1678 2660 1873 2701 eorreoeit
1898 2679 1899 2682 ¹

261 2719 525 2759 Dedericlzus
551 2716 557 2770 Ι
584 2732 719 2772 pyros
761 2718 838 2759 GB
953 2718 1007 2763 26
1045 2717 1280 2770 tryzenius
1315 2717 1349 2757 G
1464 2717 1517 2756 28
1565 2728 1804 2756 azanorum
1837 2714 1875 2754 G

263 2775 563 2816 atanorumB
600 2774 841 2815 Alizonum
873 2775 1069 2815 correxit
1103 2774 1354 2825 Vindinyius
1380 2771 1386 2824 l
1412 2771 1703 2813 Alizonorum
1734 2772 1874 2811 Dede-

262 2831 402 2871 riclzzcs
432 2830 696 2872 Eustatlzium
734 2836 915 2872 secutus.
