1956 3178
2 137 7 140 '
695 153 1120 200 PRAEFATIO.
1600 172 1740 211 mx

85 277 175 351 (ef.
226 277 396 331 Dares
446 295 497 346 p.
554 278 642 345 11,
710 276 782 329 24
837 273 1030 329 Castor
1088 277 1142 327 et
1195 273 1386 327 Pollux
1442 275 1510 327 ad
1563 274 1739 344 Clyte-

84 354 343 406 mestram
395 349 607 420 ierant),
668 350 738 420 (v.
783 350 990 418 29478)
1044 348 1380 402 Laudomata
1434 349 1575 402 filius
1631 348 1738 402 He-

81 427 243 480 ctoris
290 428 344 478 et
383 424 814 492 Andromachae,
865 423 936 491 (v,
977 423 1121 477 8063
1162 422 1300 493 sqq.)
1377 424 1604 494 triginta
1641 424 1739 476 filii

79 499 282 554 Priami
335 518 363 552 e
418 499 731 552 concubinis
797 498 912 550 nati
966 497 1207 550 Menelus
1271 496 1447 550 Ydors
1513 496 1736 551 Chirrus

81 572 401 628 Cheridoras
439 572 768 643 Ermagoras
807 571 1075 625 Mondanz
1113 577 1198 624 etc.

230 647 414 701 Etiam
452 648 511 699 in
534 647 600 700 iis
642 664 776 716 quae
802 664 867 699 ex
890 644 1133 716 Dictye1)
1161 647 1390 715 sumpsit
1416 646 1738 716 aliquotiens

84 723 306 789 erravit,
366 721 509 791 quod
554 721 718 773 verba
766 720 1040 789 scriptoris
1096 738 1208 772 non
1263 722 1395 773 satis
1460 720 1739 789 intellexit,

83 799 177 850 aut
229 814 420 865 parum
475 798 719 848 accurate
776 813 838 846 ea
892 795 1044 864 legit:
1109 794 1249 862 apud
1303 795 1455 847 illum
1509 795 1738 864 legimus

83 867 157 941 (p.
204 870 298 939 92,
353 864 448 938 34)
514 869 734 921 Theano
793 886 929 938 quae
977 869 1024 920 ei
1068 869 1271 937 templo
1325 868 1572 921 sacerdos
1624 872 1740 921 erat

81 944 363 1013 persuasit,
416 962 463 996 v,
504 942 702 996 25509.
742 943 927 996 25344
966 942 1182 995 Theanz
1222 946 1306 996 est
1343 943 1445 995 vir:
1499 945 1617 995 tum
1641 961 1737 1011 pro

82 1016 289 1070 Heleno
330 1015 438 1089 (Di.
476 1036 526 1086 p.
567 1018 654 1086 93,
694 1015 788 1087 22)
829 1036 876 1069 v,
918 1017 1098 1070 25619
1148 1015 1326 1070 Crises
1365 1017 1398 1069 i.
1439 1035 1481 1069 e.
1507 1015 1737 1085 Chryses

86 1092 320 1161 ponitur,
359 1109 481 1144 cum
520 1091 759 1144 nondum
801 1091 994 1159 adhuc,
1039 1094 1099 1143 ut
1139 1109 1170 1143 a
1209 1089 1419 1159 Dictye,
1459 1094 1739 1144 narratum

88 1168 231 1218 esset
267 1164 534 1218 Helenum
574 1165 640 1217 ad
681 1164 911 1218 Graecos
951 1165 1247 1218 transiisse.
1324 1164 1473 1218 Inter
1513 1184 1604 1218 eos
1647 1166 1738 1235 qui

81 1239 146 1292 de
168 1237 410 1292 Palladio
436 1242 646 1292 certant
685 1242 766 1291 est
791 1240 953 1291 etiam
976 1257 1069 1291 rex
1093 1239 1393 1292 Thelamon
1417 1237 1487 1310 (v.
1516 1237 1740 1309 26531),

85 1313 227 1382 apud
250 1312 449 1382 Dictyn
489 1316 668 1366 autem
709 1310 780 1382 (p.
806 1314 892 1381 98,
937 1311 1027 1383 19)
1066 1313 1206 1366 Aiax
1230 1313 1561 1383 Telamonis3
1603 1331 1739 1383 quae

85 1405 133 1440 v,
173 1386 356 1440 27350
406 1405 549 1457 seqq.
600 1390 890 1440 narrantur
937 1388 1270 1441 Antenorem
1309 1387 1527 1440 Troiam
1566 1405 1738 1440 rever-

80 1479 200 1514 sum
241 1461 388 1514 aditu
427 1461 756 1530 prohibitum
809 1479 926 1513 esse
965 1465 1123 1530 atque
1171 1462 1294 1514 inde
1332 1463 1390 1515 in
1429 1461 1642 1514 Italiam
1684 1480 1739 1514 se

82 1535 374 1588 contulisse
413 1538 467 1588 et
505 1533 792 1603 Corcyram
832 1535 1153 1603 condidisse,
1202 1555 1234 1588 a
1272 1535 1463 1604 Dictye
1502 1533 1575 1606 (p.
1620 1537 1738 1598 101,

26 1638 31 1645 ·
86 1607 178 1679 16)
204 1609 267 1661 de
291 1608 477 1661 Aenea
498 1609 713 1677 tradita,
737 1609 875 1661 falso
902 1612 1081 1661 autem
1107 1609 1440 1663 aBenedicto
1466 1610 1740 1663 intellecta

83 1685 229 1735 sunt:
275 1701 435 1752 porro
488 1701 623 1752 quae
673 1684 925 1753 leguntur
970 1702 1017 1735 V.
1067 1685 1250 1737 28082
1291 1702 1436 1754 seqq.
1483 1685 1640 1753 culpa
1678 1685 1738 1736 li·

78 1756 379 1809 brariorum
403 1756 589 1826 Dictys
614 1775 711 1810 nec
751 1775 876 1810 vero
901 1756 1179 1811 Benedicti
1204 1758 1434 1811 obscura
1457 1761 1510 1810 et
1532 1761 1739 1827 pertur-

79 1830 209 1883 bata
233 1830 389 1883 sunt:
429 1849 557 1883 nam
582 1831 831 1884 omnibus
876 1832 934 1884 in
957 1832 1108 1884 libris
1135 1833 1396 1901 scriptum
1423 1835 1506 1885 est
1529 1831 1602 1903 (p.
1633 1833 1736 1886 103

82 1901 178 1974 24)
240 1903 507 1974 Aeneam,
569 1904 806 1958 Oeneum
869 1906 1174 1959 coniectura
1234 1906 1522 1960 Mercerius
1586 1908 1738 1959 resti-

77 1978 207 2046 tuit,
258 1978 485 2049 denique
533 1997 560 2031 e
609 1977 926 2048 ‚,Strophio“
964 1979 1038 2050 (p.
1084 1981 1210 2048 104,
1255 1979 1347 2051 10)
1388 1981 1577 2033 urbem
1608 1981 1736 2034 fecit

77 2050 360 2120 „Trofion“
406 2050 476 2122 (V.
524 2051 730 2123 28197)
779 2056 833 2105 et
881 2071 1001 2106 cum
1058 2058 1404 2124 sequerentur
1442 2055 1607 2107 verba
1661 2056 1737 2122 „is

79 2143 313 2195 namque
351 2125 675 2179 Phocensis“
724 2125 978 2196 (forensis
1026 2129 1082 2180 in
1130 2129 1241 2182 cod.
1288 2127 1373 2199 Β.)
1420 2131 1736 2182 nominatus

79 2202 164 2252 est
198 2198 541 2268 „Florentes“
579 2201 670 2269 qui
710 2199 887 2253 Oresti
927 2202 1124 2255 auxilio
1164 2203 1312 2255 venit
1351 2202 1421 2271 (V.
1462 2203 1685 2270 28199).

228 2272 387 2326 Brevi
410 2277 650 2343 tempore
677 2276 1069 2343 amplissimum
1092 2276 1195 2330 hoc
1220 2276 1498 2330 Benedicti
1516 2295 1734 2330 carmen

77 2364 174 2416 per
223 2349 395 2399 totam
441 2347 871 2418 Francogalliam
917 2350 1155 2402 innotuit
1202 2354 1255 2403 et
1302 2369 1329 2403 e
1368 2349 1737 2404 Normannica

78 2419 307 2474 dialectu
345 2422 402 2474 in
441 2423 738 2491 complures
780 2423 911 2476 alias
950 2425 1275 2478 translatum
1316 2428 1411 2478 est.
1487 2425 1733 2478 Priamus
1769 2430 1773 2435 ’

80 2492 282 2548 Hector
304 2494 539 2549 Achilles
565 2495 749 2549 Ulixes
792 2498 987 2567 aliique
1027 2499 1210 2568 quales
1253 2499 1320 2552 ab
1346 2499 1437 2551 illo
1480 2499 1735 2568 descripti

85 2570 260 2637 erant,
320 2568 482 2622 Troia
520 2570 638 2639 ipsa
677 2571 784 2622 illis
824 2573 1156 2640 temporibus
1197 2574 1480 2626 notissima
1518 2574 1737 2626 fuerunt

85 2644 247 2711 atque
313 2661 469 2712 saepe
532 2650 1033 2699 commemorantur.
1133 2647 1301 2699 Paulo
1363 2651 1489 2716 post
1550 2648 1735 2700 multis

85 2715 258 2768 modis
275 2717 650 2771 transformari
674 2723 921 2788 coeptum
961 2723 1042 2773 est
1068 2740 1128 2774 ac
1153 2722 1326 2790 primo
1352 2721 1567 2791 quidem
1600 2739 1734 2774 saec.

83 2786 218 2842 XIII
250 2808 281 2842 a
312 2791 542 2859 quodam
567 2792 801 2846 Ioanne
823 2792 1329 2866 Malkasraumeff),
1357 2796 1447 2865 qui
1465 2796 1730 2863 permulta

203 2949 234 3005 ¹)
266 2949 457 3008 Dunger
487 2952 518 2995 l.
551 2953 580 2996 1.
614 2968 659 3009 p.
685 2958 754 2997 37.
883 2955 916 3010 Ξ)
950 2955 1059 3012 Joly
1092 2956 1122 3000 l.
1155 2957 1183 2999 l.
1211 2971 1254 3013 p.
1289 2961 1374 3000 405
1407 2971 1505 3012 sqq.
