1956 3178
270 95 373 148 100
781 96 1003 138 DICTYS
1036 95 1372 139 CRETENSIS

266 223 421 276 vecta
459 221 596 289 ligni
632 220 856 272 materia
890 220 1111 272 Aiacem
1159 223 1358 273 cremat
1403 221 1762 301 reliquiasque
1795 240 1882 275 ur-

266 309 371 344 nae
410 309 600 343 aureae
627 290 871 343 conditas
909 290 969 342 in
993 289 1236 343 Rhoeteo
1275 291 1604 372 sepeliendas
1629 296 1883 361 procurat

266 362 524 430 brevique
561 361 830 413 tumulum
867 363 1168 413 extructum
1205 364 1482 414 consecrat
1526 362 1584 414 in
1619 362 1882 416 honorem

267 432 408 484 tanti
456 432 619 484 ducis,
706 449 841 500 quae
888 432 934 484 si
984 434 1109 484 ante
1165 435 1382 500 captum
1427 431 1589 485 Ilium
1646 432 1882 486 accidere

226 518 246 550 5
267 502 598 571 potuissent,
645 502 889 570 profecto
935 519 1132 571 magna
1179 520 1242 554 ex
1289 505 1440 571 parte
1485 506 1762 571 promotae
1798 521 1882 556 res

268 573 510 625 hostium
548 590 609 624 ac
634 573 934 625 dubitatum
971 572 1034 624 de
1073 590 1279 625 summa
1316 591 1494 625 rerum
1519 573 1723 626 fuisset.
1785 574 1883 644 181-

268 647 357 695 tur
394 641 582 696 Ulixes
619 643 821 695 veritus
859 644 969 695 vim
1007 643 1199 696 offensi
1235 643 1496 695 exercitus
1544 643 1682 696 clam
1717 643 1883 696 Isma-

267 732 388 765 rum
435 713 647 783 aufugit
696 717 855 782 atque
911 714 987 766 ita
1033 713 1333 766 Palladium
1380 714 1519 782 apud
1568 713 1883 767 Diomedem

268 786 467 836 manet.

208 871 247 902 111
411 853 561 907 XVI.
637 852 887 906 Ceterum
932 857 1057 922 post
1101 855 1403 906 abscessum
1450 853 1599 907 Ulixi
1643 853 1881 922 Hecuba,

271 942 376 993 quo
426 924 705 976 servitium
751 927 923 976 morte
973 924 1228 993 solveret,
1275 925 1445 977 multa
1491 925 1738 1005 ingerere
1771 942 1881 989 ma-

268 994 464 1047 ledicta
518 995 906 1062 imprecarique
962 995 1161 1047 infesta
1219 995 1400 1047 omina
1453 996 1512 1047 in
1568 986 1884 1048 exercitum:

272 1083 377 1133 qua
422 1083 479 1117 re
525 1067 703 1117 motus
752 1065 905 1116 miles
950 1064 1217 1133 lapidibus
1273 1065 1519 1117 obrutam
1565 1083 1681 1118 eam
1726 1067 1884 1118 necat

272 1135 719 1203 sepulchrumque
767 1135 908 1203 apud
954 1135 1206 1204 Abydum
1259 1135 1512 1188 statuitur
1557 1135 1886 1204 appellatum

207 1221 248 1254 15
272 1206 599 1285 Cynossema
653 1206 721 1258 ob
767 1205 985 1274 linguae
1041 1206 1369 1274 proterviam
1412 1206 1884 1274 impudentemque

269 1275 641 1344 petulantiam.
725 1294 820 1344 per
867 1276 1009 1327 idem
1045 1279 1256 1344 tempus
1303 1275 1599 1329 Cassandra
1656 1275 1754 1329 deo
1802 1293 1882 1328 re-

270 1346 417 1415 pleta
453 1346 623 1398 multa
658 1346 717 1397 in
753 1347 1217 1426 Agamemnonem
1260 1345 1481 1399 adversa
1516 1346 1884 1415 praenuntiat.

270 1416 493 1469 insidias
542 1416 740 1485 quippe
789 1417 838 1468 61
884 1435 948 1468 ex
995 1417 1205 1470 occulto
1251 1417 1569 1485 caedemque
1607 1417 1752 1469 domi
1788 1433 1885 1485 per

272 1505 397 1539 suos
437 1487 814 1555 compositam·
862 1490 1138 1555 praeterea
1183 1487 1433 1539 universo
1473 1487 1728 1539 exercitui
1763 1504 1884 1555 pro-

209 1575 250 1606 20
272 1557 563 1610 sectionem
601 1556 668 1609 ad
703 1575 826 1610 suos
863 1557 1258 1610 incommodam
1295 1557 1683 1626 exitialemque.
1743 1557 1888 1610 inter

275 1646 410 1708 quae
448 1629 697 1680 Antenor
747 1645 868 1679 cum
915 1629 1023 1679 suis
1072 1628 1302 1680 Graecos
1352 1646 1527 1696 orare,
1577 1627 1888 1680 omitterent

274 1698 379 1750 iras
418 1701 577 1766 atque
604 1701 831 1767 urgente
857 1698 1062 1767 navigii
1098 1701 1335 1767 tempore
1373 1699 1431 1750 in
1456 1715 1737 1751 commune
1763 1715 1887 1750 con-

275 1767 472 1820 sulant.
546 1771 823 1836 praetcrea
861 1786 1044 1820 01111168
1084 1768 1240 1820 duces
1289 1768 1355 1820 ad
1391 1786 1449 1848 86
1488 1768 1762 1836 epulatum
1800 1767 1886 1820 de-

275 1837 446 1890 ducit:
495 1838 676 1906 ibique
724 1838 966 1907 singulos
1014 1856 1174 1907 quam
1221 1838 1466 1890 maximis
1504 1838 1659 1891 donis
1696 1837 1884 1906 replet.

210 1925 252 1958 25
273 1911 403 1962 tunc
430 1907 622 1961 Graeci
648 1910 863 1960 Aeneae
902 1910 1141 1977 suadent,
1179 1926 1356 1960 secum
1395 1909 1475 1960 uti
1513 1908 1571 1960 in
1607 1907 1886 1961 Graeciam

272 1979 517 2048 naviget,
567 1979 644 2032 ibi
689 1997 921 2047 namque
971 1979 1019 2031 ei
1068 1979 1241 2031 simile
1279 1996 1399 2031 cum
1437 1978 1625 2031 ceteris
1663 1978 1885 2030 ducibus

273 2049 356 2101 ius
393 2049 652 2118 regnique
690 2050 912 2102 eandem
949 2052 1270 2117 potestatem
1305 2048 1436 2101 fore.
1498 2048 1886 2116 Neoptolemus

273 2118 413 2171 filios
470 2118 719 2172 Hectoris
774 2119 983 2172 Heleno
1042 2119 1309 2187 concedit,
1366 2122 1641 2188 praeterea
1694 2118 1888 2186 reliqui

275 2189 434 2241 duces
483 2189 599 2242 auri
649 2193 808 2257 atque
856 2191 1067 2258 argenti
1126 2192 1385 2257 quantum
1442 2189 1668 2258 8111811118
1711 2188 1886 2240 visum

210 2276 253 2310 30
277 2261 372 2312 est.
436 2259 560 2312 dein
598 2259 822 2312 consilio
849 2260 1034 2312 habito
1062 2260 1378 2327 decernitur,
1416 2260 1496 2312 uti
1519 2277 1616 2328 per
1650 2258 1887 2311 triduum

276 2330 440 2383 funus
465 2330 645 2382 Aiacis
673 2330 884 2398 publice
924 2330 1296 2398 susciperetur.
1361 2302 1542 2398 itaque
1580 2330 1778 2382 exactis
1802 2328 1887 2380 his

275 2399 461 2453 diebus
508 2400 687 2452 cuncti
735 2417 887 2469 reges
934 2418 1142 2453 comam
1186 2400 1393 2452 tumulo
1445 2400 1556 2452 61118
1595 2399 1886 2467 116Ρο1111111.

275 2473 434 2539 atque
492 2471 615 2523 exin
663 2470 1002 2523 001111111161118
1048 2472 1513 2540 Agamemnonem
1557 2468 1884 2537 fratremque

275 2557 432 2620 agere
480 2559 676 2609 eosque
722 2559 835 2594 non
870 2541 1025 2593 Atrei
1077 2540 1168 2593 sed
1203 2538 1563 2592 Plisthenidas
1614 2541 1668 2591 61
1718 2539 1782 2592 ob
1831 2538 1888 2591 id

213 2625 255 2660 35
277 2610 544 2679 ignobiles
582 2611 867 2680 appellare.
943 2629 1105 2679 quare
1155 2610 1348 2679 coacti,
1393 2609 1551 2662 simul
1587 2610 1667 2662 uti
1705 2608 1885 2662 odium

393 2825 444 2864 12
476 2823 738 2876 infestaque
772 2824 923 2866 omnia
963 2823 1114 2865 omina.
1157 2823 1192 2864 G
1314 2824 1368 2864 33
1398 2825 1668 2875 patremque
1702 2821 1737 2862 G
1794 2819 1885 2861 fra·

279 2881 487 2931 tremque
517 2879 612 2920 BP.

659 3041 878 3178 13(
1173 3028 1452 3178 Na
