1956 3178
35 1056 38 1061 -
92 1025 198 1075 tur.
263 1022 341 1074 ibi
365 1020 644 1073 Menelaus

552 119 741 163 BELLI
767 118 1020 163 TROIANI
1049 118 1167 161 LIB.
1197 120 1252 160 V.
1635 116 1703 171 97

0 257 3 259 ’
78 264 196 318 -que
248 262 446 316 magno
484 244 901 313 inspectantium
949 236 1153 314 gemitu
1200 245 1524 296 necarentur
1559 261 1706 296 mox-

131 335 198 371 ue
221 316 341 386 ipsi,
369 315 462 385 qui
487 315 790 384 spectaculo
817 314 1213 368 carissimorum
1232 332 1520 383 corporum
1545 314 1707 367 inter-

154 390 332 456 erant,
361 385 740 440 vmiserandum
788 385 847 438 in
893 385 1112 438 modum
1160 385 1460 438 interirent.
1532 402 1706 454 neque

93 459 311 539 segnius
360 475 456 526 per
499 459 671 509 totam
716 456 903 509 urbem
951 455 1213 508 incendiis
1261 458 1471 526 gestum
1511 455 1708 525 ‚positis

91 547 242 599 pnus
289 527 658 580 defensoribus
704 526 772 579 ad
818 526 1035 579 domum
1073 527 1288 579 Aeneae
1335 530 1495 595 atque
1541 528 1708 579 Ante·
1730 542 1752 575 5

96 599 263 652 noriS.
336 597 552 651 interim
597 597 842 650 Priamus
888 615 944 650 re
993 597 1210 667 cognita
1256 597 1323 650 ad
1370 615 1517 650 aram
1563 597 1708 651 Iovis

92 668 530 724 anteaedificialis
578 668 849 737 confugit,
907 668 1170 737 multique
1229 685 1293 720 ex
1347 685 1410 720 eo
1466 668 1585 721 loco
1642 668 1711 721 ad

92 740 301 809 reliqua
337 738 559 792 deorum
595 739 824 807 templa:
862 739 921 791 in
958 739 1079 807 quis
1106 737 1407 792 Cassandra
1442 738 1500 790 in
1526 738 1711 791 aedem

39 828 42 830 ’
94 809 386 864 Minervae.
460 808 552 861 sed
596 813 883 878 postquam
930 810 1234 878 universos,
1285 809 1378 877 qui
1425 809 1484 860 in
1520 827 1711 861 manus

95 883 381 949 venerant,
437 879 593 932 foede
650 882 810 948 atque
865 879 1068 932 inultos
1116 881 1528 948 obtruncavere,
1577 879 1711 932 occi·
1735 898 1775 930 10

35 963 43 979 ²
92 951 276 1022 piente
314 951 431 1003 luce
470 949 687 1003 domum
743 951 801 1003 in
839 969 945 1020 qua
981 950 1187 1003 Helena
1224 952 1352 1019 erat,
1392 950 1713 1020 aggrediun-

669 993 1031 1090 Isseiphobum,
1071 1039 1229 1090 quem
1268 1023 1393 1089 post
1417 1020 1713 1074 Alexandri

97 1092 378 1145 interitum
422 1090 662 1144 Helenae
707 1092 1111 1144 matrimonium
1159 1092 1503 1160 intercepisse
1551 1109 1714 1160 supra

26 1159 35 1177 ³
100 1162 377 1216 docuimus
386 1204 401 1231 ,
449 1162 671 1215 exsectis
715 1163 890 1231 primo
929 1163 1146 1215 auribus
1194 1162 1533 1231 brachiisque
1571 1162 1714 1214 abla-

31 1252 33 1254 ·
96 1233 168 1286 tis
217 1232 406 1286 deinde
451 1233 670 1285 naribus
728 1232 795 1285 ad
839 1236 1171 1302 postremum
1216 1236 1525 1285 truncatum
1564 1232 1713 1286 omni
1737 1255 1777 1288 15

23 1306 30 1346 ἶ
95 1322 163 1357 ex
198 1307 350 1372 parte
395 1303 775 1371 foedatumque
824 1322 1031 1356 summo
1072 1303 1309 1356 cruciatu
1346 1306 1516 1356 necat.
1589 1303 1714 1356 dein

26 1373 46 1443 *fi
101 1373 377 1427 Priamum
401 1372 790 1442 Neoptolemus
829 1374 943 1427 sine
981 1374 1093 1427 ullo
1132 1374 1320 1427 aetatis
1347 1377 1507 1443 atque
1544 1374 1714 1427 hono-

19 1442 31 1490 ⁴?
100 1444 175 1497 ris
221 1444 415 1497 dilectu
459 1444 782 1497 retinentem
821 1447 1046 1514 utraque
1090 1463 1254 1497 manu
1303 1463 1451 1498 aram
1486 1445 1712 1515 iugulat.

96 1517 334 1568 ceterum
382 1513 734 1568 Cassandram
782 1514 920 1568 Oilei
967 1516 1101 1568 Aiax
1157 1534 1184 1567 e
1241 1533 1390 1568 sacro
1439 1515 1714 1568 Minervae

96 1585 367 1654 captivam
404 1585 682 1638 abstrahit.
1735 1608 1778 1641 20

244 1655 391 1708 XIII.
454 1654 573 1708 Hoc
610 1654 769 1708 modo
809 1656 1140 1724 consumptis
1186 1674 1308 1709 cum
1346 1656 1561 1709 civitate
1598 1657 1716 1709 bar-

19 1728 31 1790 ἓζ
97 1726 267 1793 bariS,
319 1725 632 1778 deliberatio
682 1726 817 1778 inita
864 1744 1023 1795 super
1068 1726 1179 1795 his,
1241 1727 1333 1795 qui
1381 1727 1447 1781 ab
1495 1726 1716 1780 deorum

32 1836 35 1837 γ
99 1796 206 1849 aris
256 1796 515 1849 auxilium
563 1797 704 1849 vitae
751 1797 1172 1865 imploraverant
1225 1797 1602 1866 decretumque
1648 1798 1715 1850 ab

27 1919 29 1924 ,
101 1867 366 1936 omnibuS,
403 1868 484 1919 uti
520 1885 616 1936 per
651 1868 760 1919 vim
799 1868 970 1920 avulsi
1007 1872 1352 1920 necarentur:
1401 1871 1584 1921 tantus
1623 1868 1715 1921 do-

21 1943 32 1998 [
100 1937 184 1990 lor
229 1937 456 1990 iniuriae
517 1941 570 1990 et
618 1938 686 1990 ob
733 1938 788 1989 id
825 1938 1059 1990 studium
1108 1938 1458 2007 extinguendi
1496 1938 1717 1991 Troiani
1739 1959 1782 1993 25

21 2005 35 2062 ζ’
99 2008 335 2061 nominis
372 2008 676 2061 incesserat.
758 2008 835 2060 ita
882 2008 1254 2077 comprehensi
1293 2009 1386 2077 qui
1423 2009 1717 2062 cruciatum

25 2084 29 2138 ,’
99 2077 403 2147 praedictae
440 2079 615 2132 noctis
650 2078 1085 2148 subterfugerant
1130 2079 1460 2147 trepidantes
1507 2097 1568 2132 ac
1602 2080 1717 2133 vice

25 2151 31 2198 ζ
99 2166 356 2217 pecorum
393 2149 806 2201 interficiuntur.
870 2150 994 2201 dein
1031 2167 1179 2202 more
1217 2150 1346 2202 belli
1383 2168 1479 2218 per
1516 2151 1719 2219 templa

24 2218 28 2247 ³
101 2236 164 2271 ac
201 2219 479 2271 semiustas
515 2218 701 2272 domos
735 2220 1014 2288 populatio
1052 2238 1231 2272 rerum
1258 2221 1499 2273 omnium
1537 2224 1590 2274 et
1623 2239 1720 2290 per

23 2303 33 2328 ³¹
102 2287 214 2340 dies
260 2289 547 2358 plurimos,
595 2307 663 2342 ne
712 2290 830 2358 quis
877 2290 1115 2343 hostium
1163 2291 1433 2359 evaderet,
1484 2292 1719 2344 studium
1740 2311 1785 2344 30

25 2370 36 2430 ,ζ
100 2358 160 2411 in
195 2359 531 2428 requirendo,
594 2361 813 2413 interim
847 2360 913 2413 ad
947 2362 1370 2415 coacervandum
1407 2363 1523 2414 auri
1560 2365 1718 2430 atque

100 2430 313 2499 argenti
349 2431 627 2483 materiam
662 2434 967 2500 opportuna
1001 2432 1120 2485 loca
1152 2432 1488 2486 destinantur
1526 2435 1579 2484 et
1615 2432 1721 2486 alia

217 2574 243 2615 5
274 2574 429 2620 Tzetz,
460 2573 701 2618 Antehom.
737 2576 817 2617 162
852 2576 944 2619 163.

221 2687 240 2724 1
265 2698 431 2738 magno
463 2687 737 2740 spectaculo
763 2687 842 2728 ΕΒ
862 2690 1038 2742 reliquis
1059 2689 1237 2738 omissis,
1268 2688 1459 2737 fortasse
1479 2691 1720 2742 postquam

105 2742 377 2794 spectaculo
407 2748 611 2796 scriptum
637 2744 800 2796 fuerat,
833 2747 1040 2797 vulgatam
1070 2747 1289 2786 lectionem
1317 2744 1497 2797 praebet
1527 2746 1569 2785 P
1695 2747 1719 2785 7

26 2807 37 2837 ς
107 2796 501 2839 anteaediflciales
542 2799 577 2840 G
623 2803 729 2840 ante
770 2799 1031 2842 aedificiale
1066 2801 1105 2840 B
1145 2813 1259 2841 corr.
1298 2801 1335 2840 P
1466 2802 1492 2842 8
1532 2801 1579 2841 in
1619 2801 1720 2854 quis

27 2869 41 2899 ,τ
106 2865 185 2894 om.
216 2852 258 2892 B
302 2854 350 2894 in
381 2868 457 2895 om.
494 2855 529 2896 G
645 2857 698 2899 18
730 2869 852 2898 aram
883 2870 1099 2910 superscr.
1134 2857 1178 2896 in
1202 2857 1236 2898 G
1281 2856 1338 2897 ad
1371 2869 1499 2899 aram
1520 2857 1562 2897 B
1668 2859 1720 2899 31

27 2908 37 2971 ᾗ
108 2909 373 2961 inquirendi
403 2911 455 2951 P.

27 2974 28 2986 ¹
43 2974 50 2978 ’
190 2983 343 3020 D1cmxs.
1443 2999 1468 3039 7
