1956 3178
23 1892 46 1974 ‘²†.*:
23 1825 42 1846 ³:
24 1740 47 1801 τη*
21 1664 43 1723 ’ἔῐ
19 1423 45 1650 *nt-*zvmffi‘
38 1293 43 1303 -

579 122 768 166 31113111
798 124 1051 168 'monim
1080 124 1199 167 Lm.
1230 124 1284 167 v.
1672 125 1742 179 89

62 268 67 281 ·
126 267 239 332 non
275 250 636 319 propinquus,
660 267 787 330 ‘non
824 249 1054 318 denique
1105 249 1236 302 civis
1273 249 1505 304 inveniri
1542 255 1739 321 posset,

126 338 220 391 qui
265 321 534 374 aerumnis
591 339 700 373 suls
756 324 1156 390 mgemesceret.
1245 339 1477 391 namque
1526 326 1740 392 optasse

124 391 257 445 haec
293 410 405 445 non
442 408 587 444 nunc
625 390 864 459 demum,
917 409 1103 444 verum
1142 391 1279 444 vivis
1316 392 1625 450 Alexandro
1664 397 1740 447 at-

126 480 230 531 que
277 461 509 515 Hectore
565 461 655 532 agi
702 465 907 530 coepta.
957 515 969 522 ,
1001 462 1092 514 sed
1140 462 1396 530 quoniam
1451 465 1742 533 praeterita

124 550 375 586 revocare
422 531 559 585 nulli
597 549 907 584 concessum
946 536 1102 601 esset,
1141 535 1503 602 praesentium
1540 535 1739 589 haben·
1762 549 1784 583 5

126 602 248 656 dam
300 620 478 657 curam
531 603 900 671 rationemque
964 603 1160 656 futuris
1216 604 1591 659 adhibendam.
1685 625 1741 659 se

123 691 356 743 namque
403 674 669 742 omnium,
718 691 853 742 quae
901 674 1146 743 haberet,
1196 675 1262 727 ad
1316 675 1742 745 redemptionem

162 744 328 798 atriae
366 747 687 813 potestatem
726 744 874 797 dare:
928 764 1088 814 quam
1125 763 1238 798 rem
1274 747 1544 800 Antenori
1582 765 1742 819 agen·

124 763 247 868 gam
283 815 607 885 permittere.
673 818 908 868 ceterum
934 834 1004 884 se,
1044 817 1299 884 quoniam
1326 817 1448 870 odio
1487 819 1596 870 iam
1633 819 1741 871 suis

125 890 278 955 esset,
317 886 462 939 abire
501 904 529 939 e
567 889 857 955 conspectu
883 887 1310 940 consentientem
1347 887 1447 957 his,
1488 907 1623 958 quae
1662 890 1740 942 in·
1765 904 1806 936 10

123 959 207 1010 ter
244 975 299 1010 se
338 957 701 1010 decernerent.

266 1028 362 1082 IV.
426 1027 564 1079 Tum
602 1031 844 1096 separato
882 1045 1008 1098 rege
1045 1029 1236 1098 placet,
1276 1031 1355 1082 uti
1391 1033 1640 1084 Antenor
1676 1031 1744 1084 ad

125 1097 358 1152 Graecos
404 1098 587 1151 redeat
642 1099 978 1167 exploratum
1026 1100 1361 1153 voluntatem
1409 1104 1607 1154 certam
1655 1102 1743 1154 ad-

125 1169 444 1238 iunctusque
483 1170 555 1237 ei,
595 1170 675 1222 uti
714 1170 981 1237 voluerat,
1021 1170 1246 1224 Aeneas,
1332 1171 1408 1224 ita
1446 1173 1744 1242 composita

124 1258 182 1293 re
221 1240 522 1293 disceditur.
598 1240 690 1292 sed
726 1241 901 1293 media
947 1241 1113 1293 ferme
1160 1244 1318 1295 nocte
1355 1241 1566 1295 Helena
1605 1244 1741 1296 clam
1765 1257 1806 1290 15

125 1311 192 1363 ad
229 1313 563 1364 Antenorem
613 1311 763 1363 venit
818 1312 1093 1380 suspicans
1130 1312 1271 1364 tradi
1309 1331 1364 1365 se
1403 1313 1649 1367 Menelao
1690 1317 1744 1367 et

126 1382 195 1435 ob
233 1381 287 1434 id
334 1381 469 1434 iram
515 1381 797 1434 derelictae
845 1381 1033 1435 domus
1080 1386 1349 1436 metuens:
1398 1384 1580 1454 itaque
1619 1404 1742 1438 eum

127 1455 260 1521 orat,
298 1453 379 1505 uti
415 1452 558 1504 inter
595 1456 771 1505 cetera
807 1453 891 1505 sui
917 1471 1130 1522 quoque
1168 1454 1311 1523 apud
1338 1454 1571 1508 Graecos
1602 1474 1741 1509 com-

125 1523 568 1576 memorationem
605 1523 806 1576 faceret
842 1542 903 1576 ac
927 1542 1026 1592 pro
1067 1543 1122 1576 se
1152 1525 1539 1593 deprecaretur.
1604 1530 1742 1579 cete-

124 1612 260 1663 rum,
298 1596 359 1646 ut
397 1594 673 1663 cognitum
711 1597 816 1662 est,
854 1598 978 1663 post
1014 1594 1308 1647 Alexandri
1346 1596 1623 1650 interitum
1661 1598 1739 1649 in·
1762 1611 1805 1644 20

126 1664 241 1717 visa
278 1664 326 1716 ei
364 1664 505 1732 apud
543 1664 759 1717 Troiam
796 1664 946 1717 fuere
985 1666 1167 1718 omnia
1203 1666 1637 1737 desideratusque
1676 1668 1743 1720 ad

127 1753 252 1788 suos
288 1734 505 1788 reditus.
579 1739 635 1787 at
670 1736 804 1788 lucis
840 1736 997 1788 initio
1038 1737 1231 1805 quibus
1269 1738 1591 1806 imperatum
1629 1742 1743 1792 erat

109 1805 195 1860 -ad
229 1824 394 1858 naves
432 1806 673 1875 veniunt,
714 1806 984 1859 decretum
1013 1807 1211 1860 civium
1250 1810 1454 1861 cunctis
1493 1813 1739 1862 narrant:

126 1875 308 1945 itaque
345 1894 466 1928 cum
504 1877 622 1946 quis
648 1880 808 1930 antea
844 1877 911 1930 ad
937 1879 1317 1947 confirmanda,
1357 1898 1493 1948 quae
1531 1884 1742 1948 tempus

42 1971 60 1979 ’-
125 1947 395 2016 monebat,
433 1947 703 2001 secedunt.
779 1948 854 2001 ibi
893 1966 1014 2001 cum
1051 1949 1221 2001 multa
1259 1949 1322 2002 de
1369 1951 1646 2019 republica
1682 1968 1743 2003 ac
1764 1962 1807 1996 25

127 2035 334 2070 summa
370 2036 548 2071 rerum
586 2018 921 2086 dissererent,
962 2019 1296 2072 voluntatem
1334 2038 1548 2090 quoque
1585 2020 1743 2073 Hele-

127 2106 230 2141 nae
278 2088 472 2141 docent
509 2089 827 2158 veniamque
866 2093 1024 2142 orant
1061 2093 1114 2142 et
1147 2089 1214 2142 ad
1249 2095 1581 2159 postremum
1618 2109 1743 2144 con-

130 2159 349 2211 firmant
394 2159 536 2211 inter
592 2178 647 2211 se
693 2159 1015 2228 proditionis
1071 2161 1392 2229 pactionem.
1478 2163 1602 2214 dein
1648 2163 1742 2215 ubi

126 2231 339 2297 tempus
376 2230 550 2282 visum
587 2234 682 2299 est,
722 2248 843 2283 cum
870 2229 1028 2284 Ulixe
1066 2235 1120 2284 et
1145 2231 1405 2285 Diomede
1432 2232 1499 2284 ad
1524 2232 1742 2286 Troiam

129 2299 355 2352 veniunt
403 2299 640 2353 cohibito
688 2301 852 2354 Aiace
908 2303 975 2354 ab
1023 2302 1234 2369 Aenea,
1283 2303 1487 2356 scilicet
1527 2321 1596 2355 ne
1635 2322 1741 2372 qua
1760 2315 1804 2348 30

129 2370 336 2422 insidiis
375 2370 766 2439 opprimeretur
801 2372 924 2424 talis
962 2373 1065 2442 vir,
1114 2391 1273 2442 quem
1317 2374 1490 2427 solum
1529 2374 1742 2426 barbari

127 2458 242 2494 non
279 2459 428 2493 secus
475 2459 635 2510 quam
673 2442 941 2496 Achillem
987 2445 1313 2496 metuebant.
1395 2444 1563 2512 igitur
1598 2447 1743 2513 post-

130 2529 290 2580 quam
328 2512 486 2564 duces
513 2511 703 2565 Graeci
740 2514 798 2565 in
838 2514 1054 2567 civitate
1080 2515 1354 2584 conspecti
1392 2517 1534 2583 sunt,
1562 2515 1742 2568 cuncti

244 2685 269 2724 5
301 2688 425 2724 esset
454 2698 477 2725 e
508 2686 753 2726 coniectura
781 2687 958 2738 scripsi,
991 2686 1089 2727 libri
1119 2690 1190 2726 est
1309 2686 1335 2726 6
1367 2697 1521 2726 curam
1554 2699 1629 2727 om.
1665 2685 1743 2726 GB

130 2738 387 2792 futurisque
429 2740 533 2785 adh.
584 2754 740 2782 curam
787 2742 1087 2795 Wopkensius‚
1137 2742 1362 2782 rationem
1420 2754 1664 2794 curamque
1712 2742 1744 2782 f.

131 2796 235 2836 adh.
261 2798 540 2847 Dederichzw,
564 2809 599 2840 r.
623 2800 914 2851 animumque
938 2799 967 2839 f.
990 2798 1092 2838 adh.
1116 2799 1461 2843 Hildebrandus:
1492 2812 1569 2839 nos
1590 2811 1745 2839 curam

131 2857 230 2893 ante
261 2853 576 2906 rationemque
608 2857 855 2895 inseruimus
952 2856 1004 2896 18
1034 2856 1102 2895 uti
1133 2854 1180 2894 in
1216 2855 1250 2895 G
1309 2855 1378 2894 uti
1410 2855 1532 2895 inter
1556 2854 1595 2894 Β
1690 2856 1744 2895 25

133 2908 354 2951 secedens
379 2909 414 2950 G
445 2908 667 2951 secedunt
698 2910 753 2951 B.
