1956 3178
221 151 253 203 8
763 153 1027 198 DARETIS
1058 150 1313 197 PHR-YGlI

217 271 551 340 responderit
596 274 650 323 et
704 271 971 340 quomodo
1012 272 1079 324 ab
1124 272 1230 325 illis
1269 276 1529 326 tractatus
1569 275 1640 327 sit
1677 275 1857 328 simul-

219 364 320 415 que
358 345 604 398 hortatur
642 344 938 412 Priamum,
976 348 1038 398 ut
1075 363 1165 398 eos
1205 346 1345 400 bello
1382 351 1746 417 persequatur.

365 418 460 471 VI.
537 417 805 471 Continuo
860 417 1105 472 Priamus
1171 419 1309 472 filios
1365 422 1544 473 vocari
1603 422 1753 474 iubet
1803 425 1857 474 et

219 510 405 545 omnes
466 492 665 544 amicos
727 510 851 544 suos
923 492 1253 546 Antenorem
1307 493 1582 548 Anchisen
1633 495 1856 548 Aenean

173 580 193 612 5
216 565 551 635 Ucalegonta
574 565 922 618 Bucolionem
946 564 1215 619 Panthum
1226 565 1571 636 ‘Lamponem
1594 571 1651 621 et
1671 586 1857 625 omnes

215 639 377 708 filios,
431 639 522 708 qui
578 657 641 691 ex
687 640 998 692 concubinis
1051 641 1166 692 nati
1220 637 1387 693 erant.
1437 687 1440 690 .
1478 642 1569 711 qui
1620 645 1682 694 ut
1733 660 1855 695 con-

215 716 498 780 venerunt,
549 713 682 765 dixit
728 713 803 765 eis
828 731 899 765 -33
946 712 1277 766 Antenorem
1324 715 1561 784 legatum
1598 715 1657 768 in
1695 714 1856 768 Grae-

216 786 354 838 ciam
400 786 630 853 misisse,
683 790 744 838 ut
789 786 846 838 hi
893 787 996 839 sibi
1043 787 1412 840 satisfacerent
1457 788 1599 858 quod
1648 792 1857 857 patrem

218 878 373 911 suum
411 863 714 927 necassent,
756 859 1051 913 Hesionam
1090 861 1193 913 sibi
1230 861 1533 914 redderent:
1573 862 1695 915 illos
1734 880 1856 915 con·

153 948 195 979 10
218 933 497 986 tumeliose
543 937 801 986 tractasse
846 934 1159 987 Antenorem
1204 938 1258 986 et
1295 934 1625 988 Antenorem
1673 936 1740 988 ab
1781 936 1857 988 e'is

215 1006 351 1058 nihil
389 1007 717 1075 impetrasse.
804 1025 987 1059 verum
1034 1008 1287 1077 quoniam
1327 1027 1478 1061 suam
1526 1009 1858 1062 voluntatem

215 1080 386 1132 facere
432 1080 753 1148 noluissent,
797 1080 965 1132 videri
1004 1081 1106 1132 sibi
1146 1081 1434 1134 exercitum
1484 1082 1542 1134 in
1580 1081 1858 1134 Graeciam

215 1153 359 1205 mitti
384 1153 475 1222 qui
498 1171 699 1221 poenas
724 1156 1026 1221 repeterent
1050 1155 1117 1206 ab
1150 1155 1247 1222 eiS,
1282 1173 1350 1206 ne
1378 1155 1635 1207 barbares
1669 1154 1858 1208 Graeci

214 1226 404 1279 inrisui
461 1227 735 1279 haberent.
831 1228 1181 1297 hortatusque
1233 1231 1315 1280 est
1367 1227 1612 1280 Priamus
1662 1228 1858 1280 liberos

151 1314 191 1346 15
217 1318 363 1368 31103,
401 1303 462 1352 ut
492 1300 604 1352 eius
635 1301 712 1352 rei
751 1300 1018 1368 principes
1057 1300 1255 1368 forent,
1293 1302 1523 1354 maxime
1554 1300 1860 1369 Hectorem,

217 1377 331 1426 erat
369 1374 514 1426 enim
552 1374 724 1426 maior
761 1377 912 1444 natu:
953 1375 1060 1443 *qui
1099 1375 1275 1442 coepit
1313 1375 1484 1427 dicere
1522 1393 1577 1427 33
1615 1375 1858 1428 volunta-

215 1450 325 1498 tem
386 1448 555 1516 patris
614 1447 1007 1500 vindicaturum
1075 1451 1130 1500 et
1198 1447 1577 1501 Laomedontis
1630 1449 1717 1501 avi
1777 1447 1861 1501 sui

215 1538 402 1573 necem
456 1524 509 1573 et
559 1538 918 1590 quascumque
972 1521 1194 1574 iniurias
1246 1520 1436 1574 Graeci
1488 1521 1735 1574 Troianis
1783 1521 1859 1574 fe-

218 1594 437 1662 cissent,
470 1597 832 1662 executurum,
864 1612 932 1646 ne
964 1594 1271 1662 inpunitum
1301 1595 1357 1647 id
1386 1594 1542 1647 Grais
1571 1594 1732 1662 foret,
1768 1595 1860 1647 sed

150 1682 192 1713 20
218 1668 407 1735 vereri,
454 1686 522 1720 ne
567 1668 818 1736 perficere
857 1686 968 1720 non
1006 1672 1227 1736 possent
1259 1668 1401 1737 quod
1439 1668 1618 1721 conati
1657 1671 1894 1741 essent:s

218 1741 416 1794 multos
442 1741 710 1793 adiutores
736 1739 988 1792 Graeciae
1020 1742 1250 1809 futuros,
1281 1741 1556 1810 Europam
1578 1739 1859 1794 bellicosos

217 1814 461 1866 homines
493 1814 715 1882 habere,
754 1814 941 1866 Asiam
974 1833 1182 1883 semper
1212 1815 1269 1867 in
1294 1815 1494 1867 desidia
1517 1815 1684 1867 vitam
1716 1831 1860 1867 exer-

218 1888 390 1940 cuisse
431 1891 484 1940 et
523 1888 591 1940 ob
630 1887 686 1939 id
725 1889 949 1940 classem
987 1906 1098 1940 non
1135 1888 1346 1940 habere.

340 2038 361 2075 1
395 2032 699 2089 responderet
730 2031 772 2076 G
832 2032 1125 2088 responderit
1153 2031 1204 2075 F
1229 2045 1349 2088 resp.
1382 2033 1430 2076 et
1461 2045 1615 2087 quom.
1640 2044 1722 2075 om.
1750 2031 1855 2088 Ms}

218 2092 448 2135 tractatus
493 2091 572 2148 sit]
643 2092 869 2135 tractauit
910 2091 973 2134 M
1090 2096 1115 2135 2
1155 2091 1368 2134 hortatus
1410 2092 1482 2135 est
1522 2091 1584 2133 M
1639 2089 1718 2134 hic
1753 2089 1859 2135 1101·-

219 2152 348 2193 tatur
372 2149 414 2193 G
442 2151 447 2203 1
475 2149 713 2192 Priamum
737 2163 820 2194 om.
847 2149 890 2194 G
1005 2154 1030 2193 3
1056 2148 1235 2207 uocari]
1263 2163 1368 2193 suos
1394 2149 1437 2193 G
1555 2153 1584 2192 4
1607 2148 1861 2206 angchisen

219 2208 397 2252 Eneam
422 2208 464 2252 G
585 2214 611 2251 5
651 2208 924 2265 Uchalegon
958 2209 1021 2252 M
1028 2207 1071 2252 G
1130 2208 1422 2265 Ucalegonta
1450 2208 1496 2251 B
1524 2209 1529 2263 Ι
1557 2206 1860 2251 Bucolionem

218 2281 301 2310 om.
345 2267 407 2310 M
469 2265 791 2324 pignalionem
831 2267 873 2311 G
910 2271 1115 2311 ‘nostrum
1155 2267 1410 2311 Mercerius
1445 2265 1452 2323 Ι
1485 2265 1716 2322 panthum
1759 2264 1861 2308 ΓΑ.

220 2325 465 2370 Talanaim
509 2325 571 2368 M
635 2325 951 2381 thaphantum
991 2325 1033 2369 G
1066 2329 1071 2380 Ι
1106 2326 1362 2382 lampotem
1386 2325 1465 2379 ,M
1499 2337 1582 2368 om.
1616 2323 1658 2368 G
1725 2322 1862 2367 Lam-

220 2398 389 2440 ponem
436 2384 692 2428 DIercerius
731 2387 736 2438 Ι
776 2386 824 2428 et
870 2384 1188 2428 omnes—eis
1244 2395 1327 2428 om.
1372 2383 1415 2427 G
1556 2387 1580 2426 7
1625 2381 1693 2439 se]
1738 2381 1860 2425 Sane

222 2443 284 2486 M
410 2448 465 2487 10
503 2443 763 2486 tractantes
806 2443 869 2486 M
875 2442 918 2487 G
984 2444 1211 2487 tractasse
1250 2442 1301 2485 F
1332 2445 1336 2497 Ι
1371 2442 1656 2496 Antenorem
1697 2440 1862 2484 addidi

211 2505 319 2557 post
343 2503 592 2556 tractasse,
625 2501 906 2545 Dederichus
936 2502 1085 2544 uoluit
1117 2500 1448 2545 contumeliose
1481 2513 1550 2554 se,
1581 2499 1701 2555 quod
1729 2498 1861 2542 habet

222 2560 300 2613 F}
329 2559 395 2602 nil
427 2560 486 2603 ab
519 2559 586 2604 eis
620 2559 663 2604 G
785 2565 837 2603 11
879 2560 1003 2616 quod
1042 2565 1142 2603 erat
1185 2559 1291 2603 add.
1326 2559 1389 2601 M
1415 2562 1520 2602 ante
1559 2556 1755 2613 uerum}
1781 2569 1860 2600 110-

221 2619 404 2662 luntate
428 2618 477 2662 id
501 2617 532 2662 f.
559 2619 668 2673 (om.
695 2620 843 2675 suam)
872 2618 934 2661 M
1049 2623 1102 2661 13
1134 2617 1392 2673 reperirent
1416 2617 1479 2659 M
1502 2618 1507 2671 1
1536 2616 1595 2659 ab
1621 2615 1686 2660 eis
1710 2628 1792 2659 om.
1819 2614 1863 2658 G

225 2682 280 2720 14
310 2676 458 2720 inrisu
484 2677 546 2720 M
570 2678 575 2728 Ι
603 2677 795 2778 liberos]
827 2676 949 2720 filios
974 2675 1016 2720 G
1138 2681 1191 2719 15
1214 2688 1429 2719 maxume
1452 2675 1498 2718 B
1580 2729 1586 2733 Ι
1622 2679 1676 2718 16
1691 2675 1862 2740 ‘autem

224 2735 287 2778 M
293 2734 336 2778 G
396 2735 520 2779 enim
551 2735 597 2778 R
617 2735 687 2789 Vl
715 2749 773 2780 ue
795 2735 838 2778 le
869 2739 973 2779 ante
1005 2747 1052 2778 se
1086 2734 1148 2777 M
1155 2734 1216 2788 G,
1249 2746 1330 2777 om.
1364 2733 1451 2777 aliz·
1572 2737 1625 2776 17
1658 2732 1860 2775 uindica-

221 2793 399 2850 turum]
445 2793 611 2849 exequi
651 2793 694 2837 G
816 2799 870 2838 18
909 2807 1069 2837 necem
1107 2792 1270 2836 ulcisci
1300 2792 1343 2836 G
1465 2797 1518 2836 19
1561 2792 1862 2835 executurum

222 2865 306 2895 om.
333 2851 375 2895 G
403 2855 408 2907 Ι
436 2852 486 2895 id
509 2865 592 2895 om.
619 2850 661 2895 G
782 2856 838 2896 20
869 2854 1059 2909 possent
1092 2851 1158 2906 F,
1190 2851 1284 2895 rell.
1310 2851 1403 2905 fere
1424 2850 1687 2907 potuissent
1804 2852 1861 2891 23

219 2910 283 2952 ob
315 2909 387 2968 id]
420 2910 524 2953 ideo
558 2910 600 2953 G
628 2912 632 2965 ξ
662 2909 847 2953 classim
881 2910 935 2954 G.
