1956 3178
227 119 328 172 140

252 259 330 288 rus
362 247 406 288 ei
444 260 471 288 a
501 246 815 300 Polymestore
846 246 989 288 tradi—

253 307 348 355 tur,
410 302 743 344 Teuthrantem
802 302 990 353 occidit,

253 354 549 400 'Tecmessam
607 359 797 399 abducit
853 359 901 400 11
937 360 989 400 18

252 417 547 456 Tecmessam
626 415 743 456 dono
824 416 992 468 accipit

256 471 302 513 II
325 473 377 512 19
407 470 576 511 multas
608 472 830 512 ciuitates
863 472 991 524 capit

250 527 371 568 1127
401 529 454 567 41
507 527 754 568 Hectorem
803 528 991 581 repellit

250 583 294 624 11
322 585 377 624 43
425 583 611 636 legatus
663 582 723 623 ad
764 583 991 625 Achillem

250 639 447 680 mittitur
504 639 552 680 ΙΙ
591 641 647 681 48
736 639 991 692 complures

254 695 373 736 filios
422 695 595 736 Priami
646 696 816 737 occidit
864 696 934 737 ΙΙΙ
966 698 989 736 7

250 751 503 793 Hectorem
560 751 768 793 Patrocli
830 764 991 805 corpus

253 808 429 860 eripere
454 809 715 861 cupientem
737 808 873 848 hasta
892 821 990 861 pro·

250 864 408 905 turbat
439 864 508 905 ΙΙΙ
531 866 583 905 10
628 864 838 906 Patrocli
876 877 990 905 mor—

251 925 343 960 tem
366 920 495 974 luget
515 920 586 962 ΠΙ
612 922 659 960 11
683 920 991 973 quadraginta

251 976 409 1017 hostes
441 977 572 1018 vivos
607 978 734 1029 capit
763 977 833 1017 ΙΙΙ
861 979 913 1016 14
942 977 990 1016 in

253 1032 375 1073 ludis
405 1032 624 1073 Patroclo
655 1033 885 1073 institutis
917 1045 990 1073 ce·

251 1089 401 1130 stibus
445 1087 647 1141 palmam
692 1089 855 1140 refert,
899 1101 991 1128 non

252 1143 476 1185 luctando
487 1144 555 1184 111
570 1146 621 1186 19
634 1157 734 1185 cum
743 1144 989 1185 Memnone

253 1201 461 1254 confligit
503 1200 568 1241 IV
604 1201 628 1240 6
685 1199 990 1253 Polydaman-

250 1260 345 1297 tem
411 1256 723 1310 Antiphonum
779 1256 989 1310 Agauum

249 1312 539 1366 Agathonem
582 1312 805 1354 Glaucum
851 1314 990 1353 inter—

249 1367 347 1409 ficit
390 1369 455 1411 IV
484 1370 507 1409 7
557 1367 783 1409 Achillem
834 1369 990 1409 exani-

248 1437 367 1465 mem
400 1437 423 1465 e
461 1424 565 1466 luco
598 1425 884 1477 Thymbraeo
925 1425 991 1465 ef·

252 1480 345 1522 fert
373 1480 439 1522 IV
462 1482 511 1520 11
545 1481 702 1522 Asium
723 1480 914 1522 Nastem
946 1484 991 1520 et

250 1536 628 1590 Amphimachum
660 1537 833 1577 occidit
854 1537 915 1576 IV
938 1538 990 1576 12

250 1606 411 1634 necem
451 1592 646 1635 Achillis
685 1593 814 1646 luget
843 1592 909 1633 IV
938 1594 990 1633 13

252 1650 294 1689 ei
344 1649 636 1702 sepulchrum
696 1648 991 1689 extruendum

252 1708 384 1745 curat
414 1704 479 1746 IV
501 1706 553 1745 15
595 1718 694 1746 cum
732 1705 868 1746 Ulixe
911 1717 990 1745 ca—

248 1761 317 1814 pit
365 1760 629 1801 Antimachi
677 1760 794 1801 filios
843 1761 906 1800 IV
936 1762 987 1801 21

249 1816 478 1857 Helenam
500 1815 699 1857 interfici
729 1817 860 1858 iubet
878 1818 919 1858 V
938 1819 991 1857 14

252 1878 485 1914 certamen
518 1886 620 1913 cum
639 1872 774 1913 Ulixe
807 1872 863 1912 de
884 1873 990 1914 Pal·

249 1929 374 1970 ladio
414 1929 452 1969 V
483 1931 535 1969 14
567 1931 619 1969 15
679 1929 801 1970 ferro
852 1929 989 1970 inter-

250 1986 422 2037 fectus,
468 1984 674 2038 sepultus
723 1998 750 2025 a
788 1984 987 2038 Neopto-

248 2041 365 2082 lemo
397 2041 444 2080 in
465 2041 668 2082 Rhoeteo
700 2041 737 2079 V
762 2042 814 2082 15
838 2041 989 2094 ,funus

247 2097 406 2137 Aiacis
436 2098 476 2137 V
499 2097 552 2136 16
584 2098 683 2138 eius
702 2096 787 2137 filii
808 2098 988 2139 Teucro

248 2152 493 2193 traduntur
521 2152 562 2192 V
589 2153 640 2192 16

218 2209 441 2251 Alcinous
472 2220 551 2248 rex
581 2207 845 2249 Phaeacum
875 2209 938 2250 VI
961 2211 987 2250 5

218 2264 479 2306 Alexander
527 2263 756 2316 Phrygius
815 2265 990 2305 Priami

247 2321 392 2371 filius,
434 2319 656 2360 natalitia
694 2325 739 2360 et
779 2319 989 2361 educatio

246 2378 318 2419 111
339 2378 393 2417 26
411 2376 625 2417 Oenones
643 2376 832 2418 maritus
849 2377 918 2416 111
934 2378 988 2418 26

247 2434 311 2474 IV
341 2435 394 2473 21
460 2431 691 2472 Helenam
749 2433 872 2484 rapit
909 2432 932 2472 1
962 2435 988 2473 3

247 2490 291 2529 II
323 2491 347 2530 8
377 2490 428 2529 21
459 2489 514 2529 22
576 2487 755 2529 domum
805 2487 987 2528 rediens

249 2545 307 2585 ad
353 2544 554 2597 Cyprum
601 2544 830 2593 defertur,
876 2543 983 2584 inde

249 2600 307 2641 ad
344 2600 641 2641 Phoeniciam
685 2601 878 2652 nauigat
915 2598 986 2640 Si—

249 2657 572 2708 doniorumque
632 2669 788 2709 regem
845 2656 984 2696 inter·

247 2712 343 2754 ficit
380 2713 402 2752 I
434 2716 458 2753 5
496 2713 561 2753 IV
589 2714 616 2752 4
665 2712 836 2753 bellum
884 2723 986 2752 cum

248 2769 441 2810 Graecis
463 2771 597 2820 parat
625 2767 672 2808 11
692 2768 717 2808 8
751 2781 778 2808 a
810 2767 985 2808 duobus

248 2825 466 2865 Aiacibus
507 2823 693 2876 fugatur
730 2824 776 2865 11
810 2826 862 2864 14
894 2825 986 2864 sin-

248 2881 405 2934 gulare
438 2884 669 2920 certamen
701 2892 800 2920 cum
832 2881 986 2920 Mene-

591 121 786 164 INDEX
815 121 1106 165 NOMINUM
1134 121 1215 163 ΕΤ
1243 123 1472 165 RERUM.

1106 248 1180 289 Iao
1211 248 1258 289 11
1280 250 1333 290 39
1364 250 1419 290 40
1447 248 1620 290 Achilli
1649 249 1845 292 insidias

1104 304 1242 345 struit
1288 317 1480 358 eumque
1519 309 1658 347 necat
1695 305 1760 348 IV
1790 307 1841 348 11

1105 372 1205 401 cum
1242 359 1510 402 Philocteta
1547 365 1732 403 certans
1776 363 1844 403 in·

1105 415 1330 457 terficitur
1366 417 1431 459 IV
1462 419 1514 458 19
1564 417 1700 458 funus
1738 417 1845 458 Ale·

1103 472 1270 512 xandri
1298 473 1363 515 IV
1383 474 1435 514 21
1475 472 1562 514 filii
1601 474 1700 516 eius
1731 485 1846 516 casu

1106 541 1315 570 camerae
1349 529 1547 570 extincti
1575 530 1615 572 V
1645 531 1671 570 5

1075 585 1260 626 Alizoni
1289 585 1336 626 11
1365 586 1419 626 35

1076 640 1311 694 Alphenor
1342 642 1498 682 socius
1517 640 1670 682 Ulixis
1700 653 1728 682 a
1747 640 1843 683 filia

1106 697 1372 750 Polyphemi
1402 697 1599 739 dilectus
1629 697 1695 739 VI
1724 699 1750 738 5

1077 753 1333 794 Amazones
1425 766 1537 807 gens
1615 752 1844 795 bellicosa

1105 809 1178 850 III
1211 811 1261 850 15
1300 810 1363 850 IV
1393 810 1419 849 2

1077 865 1385 918 Amphiaraus
1457 868 1593 919 pater
1659 863 1844 918 Amphi-

1106 921 1229 962 lochi
1256 922 1280 961 -I
1313 923 1364 962 14

1077 977 1406 1030 Amphilochus
1456 976 1579 1018 filius
1627 975 1842 1030 Amphia-

1106 1035 1176 1074 rai
1206 1033 1228 1074 Ι
1257 1034 1309 1074 14

1076 1089 1434 1142 Amphimachus
1456 1102 1479 1129 e
1502 1087 1642 1129 Caria
1662 1087 1844 1130 Nomio-

1105 1146 1177 1186 nis
1226 1144 1348 1186 filius
1396 1145 1443 1186 ΙΙ
1480 1147 1534 1186 35
1595 1144 1652 1185 ab
1700 1144 1844 1184 Aiace

1105 1201 1368 1243 Telamonio
1398 1199 1676 1241 interficitur
1703 1199 1768 1241 IV
1790 1201 1843 1241 12

1075 1257 1431 1311 Amphimachus
1463 1269 1518 1297 ex
1547 1255 1683 1297 Elide
1714 1255 1738 1296 1
1762 1257 1815 1296 17

1076 1314 1295 1367 Amphius
1349 1313 1547 1366 Meropis
1605 1311 1729 1353 filius
1786 1323 1845 1353 ex

1105 1370 1320 1411 Adrestia
1350 1370 1396 1411 ΙΙ
1425 1371 1479 1411 35
1878 1373 1885 1376 ”

1076 1426 1292 1478 Amyclas
1323 1424 1690 1466 Lacedaemonis
1720 1421 1841 1466 filius

1105 1481 1264 1536 Argali
1293 1485 1427 1535 pater
1455 1481 1478 1521 I
1507 1482 1532 1520 9

1077 1538 1304 1579 Anaxibia
1335 1536 1430 1577 filia
1449 1536 1656 1590 Aeropae
1686 1538 1731 1576 et
1750 1534 1844 1577 Pli-

1108 1594 1306 1646 sthenis,
1376 1593 1560 1635 Nestori
1636 1591 1841 1645 denupta

1076 1706 1304 1748 Anchises
1342 1704 1464 1746 filius
1505 1703 1674 1758 Capyis
1703 1703 1768 1745 IV
1787 1703 1844 1745 22

1077 1762 1368 1803 Andraemon
1424 1765 1557 1814 pater
1613 1759 1842 1801 Thoantis

1077 1872 1395 1915 Andromacha
1419 1884 1520 1913 cum
1537 1871 1719 1913 Priamo
1740 1882 1843 1924 sup-

1103 1930 1210 1982 plex
1288 1928 1347 1968 ad
1420 1927 1645 1969 Achillem
1710 1928 1844 1968 uenit

1102 1987 1173 2027 111
1203 1987 1257 2026 20
1286 1986 1339 2024 22
1379 1984 1522 2025 Troia
1553 1988 1691 2036 capta
1721 1982 1844 2024 Neo-

1104 2041 1304 2094 ptolemo
1344 2040 1514 2093 obtigit
1549 2040 1589 2080 V
1619 2041 1671 2081 13
1724 2038 1842 2080 Her—

1103 2099 1255 2138 miona
1274 2097 1318 2138 ei
1337 2095 1533 2138 insidias
1553 2098 1689 2148 parat
1707 2093 1771 2136 VI
1789 2095 1842 2135 12

1104 2166 1215 2206 quas
1252 2157 1303 2192 ut
1350 2151 1576 2206 effugeret
1613 2151 1839 2192 Molossos

1104 2210 1248 2250 missa
1281 2212 1352 2250 est
1380 2208 1446 2251 VI
1478 2209 1531 2249 13

1075 2265 1221 2306 Anius
1260 2265 1450 2317 eiusque
1487 2263 1610 2304 filiae
1649 2262 1843 2305 Graecis

1105 2323 1153 2362 in
1195 2320 1361 2361 Aulide
1407 2320 1684 2360 frumentum
1726 2318 1841 2359 alia-

1106 2390 1194 2430 que
1211 2376 1480 2417 necessaria
1500 2375 1726 2429 praebent
1743 2374 1765 2414 Ι
1785 2375 1841 2416 23

1075 2434 1280 2474 Antenor
1310 2431 1433 2472 filius
1456 2430 1770 2472 Cleomestrae
1793 2434 1841 2470 et

1102 2492 1332 2541 Aesyetae
1360 2487 1540 2541 legatos
1563 2487 1840 2528 Graecorum

1103 2543 1398 2598 hospitaliter
1434 2543 1600 2595 recipit
1636 2543 1659 2583 1
1688 2543 1714 2583 6
1751 2553 1841 2582 mo-

1098 2613 1196 2640 rum
1226 2599 1451 2640 sanctitas
1486 2598 1510 2639 I
1533 2600 1582 2638 11
1615 2598 1665 2638 12
1710 2597 1759 2639 11
1785 2597 1843 2639 24

1099 2660 1232 2709 pater
1282 2655 1449 2696 Glauci
1498 2655 1570 2696 111
1607 2655 1661 2695 26
1709 2654 1775 2695 IV
1813 2654 1838 2694 7

1099 2713 1139 2752 V
1170 2713 1195 2752 2
1229 2710 1309 2751 alii
1341 2711 1440 2751 eius
1469 2709 1553 2750 filii
1583 2710 1648 2752 IV
1667 2711 1722 2751 22
1751 2709 1792 2750 V
1812 2709 1850 2748 2·

1101 2780 1198 2808 cum
1231 2765 1424 2808 Graecis
1465 2766 1520 2808 de
1550 2767 1705 2820 patria
1734 2777 1837 2818 pro·

1102 2822 1254 2864 denda
1319 2823 1419 2876 agit
1461 2822 1526 2864 IV
1555 2823 1606 2864 18
1643 2823 1698 2862 22
1743 2821 1784 2863 V
1813 2822 1836 2860 1

1100 2881 1266 2920 iterum
1307 2879 1492 2932 legatus
1545 2890 1643 2919 cum
1680 2877 1838 2918 Aenea
