1956 3178
281 93 347 147 78
793 94 1015 140 DIC’TYS
1046 93 1380 138 CRETENSIS

279 220 539 290 plurimos
551 262 565 288 ,
614 220 694 271 uti
741 237 1004 288 quemque
1051 220 1195 275 intra
1230 219 1423 288 telum,
1471 219 1623 288 ferit,
1672 221 1730 274 in
1767 222 1889 290 quis

280 295 471 344 Nastes
519 294 572 342 et
617 289 1042 357 Amphimachus
1098 290 1296 358 reperti
1353 288 1538 343 Cariae
1582 291 1890 360 imperitan-

279 366 375 414 teS.
438 362 650 428 iamque
689 359 847 412 duces
883 360 1022 411 Aiax
1061 359 1199 413 Oilei
1238 364 1292 412 et
1329 359 1612 416 Sthenelus
1650 361 1888 415 adiuncti

282 432 480 484 multos
518 430 848 482 interficiunt
884 433 1041 498 atque
1089 430 1146 482 in
1182 431 1370 500 fugam
1416 434 1632 500 cogunt.
1725 449 1888 500 quare

238 517 258 550 5
283 501 504 554 Troiani
543 501 708 553 caesis
746 518 963 553 suorum
1000 500 1244 569 plurimis
1290 519 1556 570 nusquam
1592 501 1703 554 ullo
1742 505 1888 555 certo

283 571 469 625 ordine
507 574 600 623 aut
648 589 741 639 spe
762 632 765 635 ¹
786 571 993 639 reliqua
1028 572 1308 624 resistendi
1364 571 1588 640 dispersi
1624 572 1888 641 palantes-

282 660 383 711 que
421 659 572 694 ruere
621 641 687 693 ad
733 644 916 709 portas
974 659 1148 710 neque
1195 660 1421 710 usquam
1466 643 1571 694 nisi
1618 643 1677 695 in
1721 642 1889 694 muris

282 713 508 765 salutem
546 712 770 764 credere.
835 729 997 780 quare
1035 729 1232 781 magna
1269 713 1350 764 vis
1386 712 1667 765 hominum
1705 713 1774 766 ab
1809 713 1888 764 in-

282 783 623 851 sequentibus
660 782 859 834 nostris
902 783 1305 834 obtruncantur.

219 867 259 899 10
423 852 570 905 XIII.
663 851 766 904 Sed
820 852 914 904 ubi
975 852 1168 904 clausis
1227 853 1398 920 portis
1458 852 1581 904 finis
1636 851 1889 905 caedendi

281 924 454 976 factus
492 926 587 990 est,
628 923 817 974 Graeci
843 922 1095 974 Achillen
1134 922 1200 974 ad
1237 941 1399 975 naves
1428 923 1685 975 referunt.
1737 925 1889 974 tunc-

283 1011 384 1062 que
416 993 733 1045 deflentibus
772 993 978 1044 cunctis
1005 992 1224 1045 ducibus
1264 1011 1443 1045 casum
1469 993 1608 1045 tanti
1645 993 1747 1044 viri
1770 992 1887 1061 plu-

281 1063 404 1116 rimi
440 1063 675 1115 militum
713 1062 855 1114 haud
893 1062 1201 1131 condolere,
1240 1081 1440 1132 neque,
1484 1063 1564 1114 uti
1608 1080 1692 1115 res
1730 1080 1890 1130 expo-

284 1134 485 1201 scebat,
522 1133 744 1185 tristitia
781 1133 1130 1184 commoveri:
1179 1133 1375 1202 quippe
1423 1133 1602 1185 animo
1647 1132 1887 1184 inhaese-

218 1216 259 1250 15
282 1207 366 1256 rat
401 1203 655 1255 Achillen
691 1220 847 1271 saepe
883 1203 1108 1255 consilia
1141 1203 1403 1271 prodendi
1430 1203 1692 1255 exercitus
1726 1202 1889 1255 inisse

283 1292 405 1326 cum
439 1273 709 1326 hostibus:
749 1276 981 1326 ceterum
1020 1273 1303 1326 interfecto
1343 1291 1405 1326 eo
1432 1290 1638 1325 summa
1661 1272 1886 1325 militiae

284 1345 472 1398 orbata
509 1347 562 1396 et
604 1343 910 1412 ademptum
958 1343 1377 1411 conplurimum:
1426 1346 1479 1395 et
1515 1343 1631 1395 viro
1670 1343 1886 1413 egregio

281 1414 517 1467 bellandi
565 1432 633 1466 ne
690 1413 972 1466 honestam
1031 1413 1244 1481 quidem
1290 1417 1540 1481 mortem,
1595 1416 1689 1465 aut
1734 1413 1890 1464 aliter

284 1503 444 1553 quam
481 1485 538 1536 in
577 1485 801 1536 obscuro
841 1486 1092 1551 oppetere
1138 1483 1377 1536 licuerat.
1461 1484 1628 1552 igitur
1663 1500 1890 1551 propere

219 1568 260 1600 20
284 1573 348 1607 ex
384 1554 480 1607 Ida
526 1554 806 1623 adportata
851 1554 987 1622 ligni
1033 1554 1113 1605 vis
1160 1553 1330 1606 multa
1383 1556 1542 1621 atque
1588 1553 1647 1605 in
1703 1552 1890 1606 eodem

282 1626 426 1690 loco,
477 1643 583 1693 quo
632 1627 790 1676 antea
835 1624 1110 1692 Patroclo,
1156 1625 1372 1676 bustum
1422 1626 1691 1676 extruunt.
1765 1622 1892 1675 dein

283 1695 536 1764 imposito
577 1695 829 1746 cadavere
867 1694 1212 1762 subiectoque
1250 1695 1365 1764 igni
1403 1694 1544 1746 iusta
1568 1692 1746 1745 funeri
1770 1709 1888 1761 per-

286 1769 455 1835 agunt
499 1765 665 1817 Aiace
714 1765 998 1832 praecipue
1036 1765 1342 1832 insistente,
1392 1764 1483 1832 qui
1520 1781 1616 1832 per
1651 1762 1889 1815 triduum

285 1835 609 1888 continuatis
657 1835 856 1903 vigiliis
901 1835 1084 1886 labore
1130 1852 1242 1886 non
1290 1833 1518 1905 destitit,
1568 1851 1728 1901 quam
1769 1832 1890 1885 reli-

221 1919 262 1951 25
287 1906 442 1974 quiae
480 1905 923 1957 coadunarentur.
993 1904 1136 1956 solus
1173 1922 1405 1972 namque
1444 1903 1684 1956 omnium
1719 1919 1890 1971 paene

284 1977 428 2028 ultra
463 1975 673 2028 virilem
718 1974 936 2027 modum
986 1975 1207 2026 interitu
1245 1974 1472 2026 Achillis
1519 1975 1889 2025 consternatus

286 2049 389 2113 est,
439 2063 596 2113 quem
645 2045 895 2098 dilectum
943 2048 1154 2113 praeter
1201 2047 1404 2097 ceteros
1451 2044 1630 2096 animo
1668 2042 1923 2095 summis·

287 2115 478 2169 officiis
510 2118 841 2183 percoluerat
887 2115 1085 2183 quippe
1119 2133 1239 2167 cum
1276 2114 1654 2167 amicissimum
1680 2116 1733 2164 et
1768 2129 1888 2164 san-

286 2186 448 2255 guine
487 2185 832 2237 coniunctum
867 2185 984 2252 sibi,
1022 2189 1137 2237 tum
1162 2185 1447 2254 praecipue
1472 2183 1762 2253 plurimum
1786 2181 1890 2234 vir·

221 2267 263 2300 30
284 2259 400 2309 tute
439 2258 639 2308 ceteros
677 2255 1091 2307 antecedentem.

401 2415 422 2453 1
464 2413 634 2466 primus
668 2411 702 2452 G
742 2410 801 2454 cf.
842 2424 883 2463 p.
916 2413 984 2460 73,
1019 2411 1071 2451 18
1117 2411 1182 2460 74,
1215 2412 1268 2450 22
1397 2412 1423 2450 2
1467 2412 1615 2450 rastes
1657 2407 1735 2450 GB
1773 2421 1887 2448 corr.

286 2470 513 2510 Mera-erus
625 2471 652 2509 4
691 2467 887 2508 fundunt
917 2467 1008 2506 PV
1039 2466 1321 2507 interficiunt
1350 2465 1392 2504 B
1429 2478 1506 2508 om.
1539 2465 1573 2505 G
1699 2465 1724 2504 5
1763 2475 1890 2503 num·

288 2538 422 2578 quam
455 2525 533 2566 GB
563 2538 676 2566 corr.
714 2525 795 2563 VP
914 2525 963 2562 11
998 2535 1190 2574 cumque
1225 2522 1303 2562 GB
1346 2535 1460 2563 corr.
1492 2519 1585 2560 BV
1707 2522 1758 2560 13
1789 2531 1890 2559 cum

288 2581 444 2621 dolore
482 2581 599 2627 libri,
643 2579 821 2620 Orellius
858 2592 940 2619 non
969 2581 1074 2618 male
1106 2578 1346 2619 condolere
1463 2578 1515 2616 14
1546 2576 1646 2628 quis
1677 2577 1777 2615 add.
1807 2587 1890 2615 non

285 2640 390 2678 male
422 2637 513 2676 PV
532 2644 632 2688 post
664 2636 831 2688 quippe
859 2632 866 2689 1
892 2636 938 2674 in
970 2633 1117 2674 animo
1148 2633 1357 2674 haeserat
1389 2632 1519 2673 BVP
1632 2633 1683 2672 16
1715 2643 1888 2671 summa

287 2707 344 2733 m.
377 2693 560 2740 orbata,
601 2694 714 2745 quod
749 2693 987 2744 suspicatus
1016 2703 1123 2740 sum,
1157 2696 1295 2730 tuetur
1323 2689 1365 2728 V
1420 2701 1637 2729 summam
1668 2700 1724 2727 m.
1755 2686 1886 2727 orba-

288 2754 384 2790 tam
419 2749 512 2791 rell.
674 2751 723 2789 17
764 2748 865 2800 spei
909 2759 1044 2800 quam
1090 2745 1332 2798 plurimum
1378 2741 1489 2797 VPl
1524 2749 1569 2785 et
1612 2743 1691 2785 GB
1731 2742 1804 2783 cui
1849 2742 1890 2782 V

291 2806 341 2845 19
370 2804 556 2844 licuerit
599 2805 716 2854 libri,
764 2816 840 2843 nos
888 2818 909 2844 e
954 2804 1195 2843 coniectura
1239 2803 1484 2853 scripsimus
1522 2799 1718 2840 licuerat
1832 2798 1886 2838 22

289 2861 451 2901 funere
487 2859 546 2900 G¹
670 2861 724 2901 28
756 2858 1134 2913 pel-consuluerat
1167 2856 1264 2909 ΕΒ,
1299 2863 1485 2898 nostrum
1515 2858 1634 2897 edict.
1665 2860 1767 2898 neit.
