1956 3178
466 166 661 212 INDEX
691 165 992 212 NOMINUM
1021 165 1103 211 ET
1134 163 1362 211 RERUM.

93 285 344 333 Diomedes
404 300 485 332 rex
538 284 717 344 Mysiae
774 285 894 330 Teu-

154 347 336 392 thranti
381 359 577 404 regnum
622 345 790 401 tradit,
834 345 894 389 ab

152 404 353 451 Hercule
382 404 658 450 interficitur
690 409 767 459 21,
793 409 819 448 8

94 463 260 510 Diores
316 469 392 522 17,
441 469 496 508 19
579 464 640 509 ab
693 463 894 508 Hectore

153 522 427 570 interfectus
458 528 536 580 26,
564 528 618 569 19

93 583 248 628 Dolon
288 584 429 628 noctu
468 582 639 641 legatis
677 581 804 627 Ulixi
847 583 895 627 et

152 642 370 687 Diomedi
386 642 588 687 occurrit
611 646 757 699 27,18
789 654 895 686 con-

152 701 279 746 iurat
331 701 392 746 ad
448 700 653 758 patriam
698 700 894 758 proden-

154 761 264 806 dam
294 765 372 818 47,
398 765 428 805 4

92 820 358 878 Elephenor
400 820 461 865 ab
501 819 702 865 Hectore
751 819 894 864 inter-

152 879 302 925 fectus
333 883 411 936 26,
441 883 494 923 19

92 938 191 984 Elis
226 943 302 995 18,
330 943 384 982 15

91 997 403 1056 Epistrophus
428 1011 483 1042 ex
499 996 716 1042 Alizonia
731 996 891 1041 Troia-

151 1070 318 1101 norum
349 1056 443 1100 dux
475 1061 554 1113 23,
579 1061 606 1100 5

89 1114 403 1173 Epistrophus
428 1129 484 1160 ex
500 1115 706 1160 Phocide
732 1121 808 1168 17,
838 1121 892 1160 16

153 1174 212 1219 ab
230 1175 430 1220 Hectore
446 1174 721 1219 interfectus
746 1180 816 1230 26,
837 1180 892 1219 18

94 1233 203 1291 equi
234 1234 378 1292 caput
409 1233 645 1291 sculptum
675 1233 724 1277 in
754 1235 894 1291 porta

154 1292 300 1338 Scaea
330 1297 410 1348 49,
435 1298 461 1336 2

92 1351 315 1397 Eumelus
347 1365 403 1396 ex
433 1351 597 1396 Pheris
632 1356 708 1408 18,
735 1357 761 1396 8

90 1411 362 1469 Euphemus
416 1425 442 1455 e
489 1410 679 1455 Ciconia
733 1411 893 1456 Troia-

152 1484 317 1515 norum
334 1470 427 1514 dux
445 1475 515 1527 22,
537 1475 590 1515 18
624 1470 683 1515 ab
708 1470 892 1516 Achille

153 1516 381 1574 occiditur
412 1534 491 1585 26,
516 1534 570 1572 21

92 1588 371 1646 Euphorbus
402 1590 538 1645 pater
561 1587 734 1632 Panthi
761 1590 892 1634 vates

152 1647 459 1692 Troianorum
492 1652 651 1702 10,16

91 1705 250 1764 Europ
253 1720 283 1751 a
355 1706 603 1751 bellicosos
681 1706 892 1752 homines

150 1765 297 1810 habet
334 1771 383 1820 8,
409 1771 463 1809 21

91 1824 325 1881 Euryalus
352 1829 420 1879 13,
439 1829 496 1869 20
528 1837 584 1869 ex
601 1824 739 1882 Argis
753 1825 893 1870 Grae-

152 1897 311 1928 corum
343 1883 437 1927 dux
472 1887 546 1939 19,
575 1889 597 1927 1

90 1941 358 2000 Eurypylus
397 1956 454 1987 ex
496 1941 712 1987 Ormenio
753 1942 894 1988 Grae·

151 2015 310 2046 corum
342 2001 436 2045 dux
468 2006 547 2057 18,
573 2007 630 2045 14

93 2059 297 2105 Glaucus
337 2074 362 2105 e
401 2059 547 2117 Lycia
586 2060 893 2105 Troianorum

151 2119 246 2163 dux
278 2123 357 2174 22,
387 2124 438 2163 17

93 2177 260 2222 Graeci
282 2177 460 2222 bellum
484 2179 648 2222 contra
667 2177 893 2223 Troianos

150 2236 406 2281 decernunt
451 2241 526 2291 13,
565 2242 618 2281 19
684 2236 893 2282 Athenas

151 2294 436 2340 conveniunt
484 2300 560 2351 17,
604 2301 656 2339 11
724 2295 893 2340 Aulide

151 2354 360 2410 solvunt,
417 2354 638 2398 Tenedon
698 2355 894 2399 veniunt

151 2418 230 2469 20,
266 2418 320 2457 14
368 2412 558 2457 Troiam
590 2413 894 2470 appelluntur

152 2477 230 2528 24,
271 2477 297 2517 8
359 2474 510 2516 castra
555 2471 774 2516 muniunt
820 2477 891 2528 32,

153 2535 207 2575 17
257 2531 398 2575 Troia
429 2532 570 2588 capta
600 2531 892 2588 tempestati-

148 2590 237 2634 bus
253 2589 517 2635 retinentur
534 2594 603 2646 51,
622 2595 647 2634 3
673 2603 891 2635 numerus

151 2647 408 2694 occisorum
440 2654 518 2703 52,
544 2654 571 2694 8

93 2704 279 2752 Guneus
318 2721 373 2752 ex
412 2707 573 2765 Cypho
610 2707 890 2752 Graecorum

150 2765 244 2810 dux
278 2772 353 2823 19,
380 2772 406 2810 3

0 2872 3 2876 ,
90 2824 265 2869 Hector
290 2825 413 2870 filius
435 2825 610 2870 Priami
635 2831 682 2881 6,
707 2831 733 2870 3
768 2829 808 2881 8,
836 2831 890 2870 15

151 2883 431 2928 describitur
458 2890 535 2940 15,
564 2890 586 2928 1
635 2884 892 2942 imperator

152 2943 382 2988 exercitus
421 2944 729 2988 Troianorum
760 2949 839 2998 23,
866 2949 890 2988 7

1671 166 1748 220 63

999 285 1311 330 Protesilaum
1335 285 1559 331 interficit
1591 293 1660 343 24,
1690 293 1751 334 10·

998 344 1268 390 Patroclum
1306 345 1564 391 Merionem
1602 347 1749 391 inter--

1000 403 1119 460 ficit,
1161 418 1190 449 a
1226 404 1499 450 Menestheo
1530 406 1742 451 vulnera-

999 464 1078 507 tur
1091 468 1162 520 24,
1177 469 1232 508 23
1249 464 1443 509 Boetem
1452 465 1743 510 Arcesilaum

998 521 1365 568 Prothoenorem
1389 523 1562 568 occidit
1589 529 1660 581 25,
1686 530 1742 570 26

999 581 1115 626 item
1160 581 1538 641 [Orcomeneum]
1579 584 1745 629 Ialme-

999 655 1112 684 num
1128 640 1351 699 Epistrop
1353 641 1467 686 hum
1493 642 1744 688 Schedium

998 657 1351 756 Elephenorem
1381 700 1571 746 Diorem
1605 702 1744 759 Poly-

999 772 1170 804 xenum
1218 765 1381 817 26,18
1453 761 1753 820 Phidippum

1000 819 1049 862 et
1085 819 1232 876 Antip
1234 819 1348 863 hum
1387 824 1549 874 28,10
1606 821 1753 879 Poly--

1000 879 1187 933 poetem
1201 834 1312 933 30,
1354 882 1379 922 5
1442 855 1743 926 I'domeneum

1002 937 1257 982 Leonteum
1302 913 1577 983 Sthenelum
1617 940 1671 996 Ip
1673 940 1744 983 hi-

998 1010 1142 1041 noum
1187 996 1405 1042 vulnerat
1452 1002 1528 1054 29,
1566 1003 1620 1042 21
1640 955 1743 1043 pab

998 1055 1182 1100 Achille
1237 1056 1515 1101 interficitur
1569 1063 1647 1114 80,
1687 1063 1752 1103 1οι

999 1114 1270 1159 solemniter
1319 1115 1546 1172 sepelitur
1593 1122 1672 1173 31,
1717 1123 1739 1162 1

999 1173 1060 1217 ad
1091 1173 1189 1218 eius
1222 1174 1519 1231 sepulchrum
1551 1175 1748 1221 Troiani.

999 1246 1105 1276 cum
1144 1234 1256 1277 anni
1298 1233 1398 1278 dies
1440 1236 1564 1279 esset
1604 1235 1742 1292 profi·
1754 1266 1757 1268 -

999 1291 1237 1336 ciscuntur
1267 1297 1346 1348 32,
1373 1297 1429 1337 22

937 1350 1132 1395 Hecuba
1162 1365 1278 1396 uxor
1307 1328 1484 1396 Priami
1517 1358 1565 1410 6,
1591 1358 1617 1397 3
1666 1353 1744 1398 de·
1749 1383 1758 1387 >

998 1410 1218 1455 scribitur
1251 1415 1326 1466 15,
1356 1415 1411 1457 14
1468 1411 1643 1456 Achilli
1671 1412 1742 1456 in·

999 1468 1142 1514 sidias
1194 1472 1335 1526 parat
1384 1475 1462 1526 40,
1506 1477 1558 1515 13
1636 1484 1748 1515 cum.

998 1528 1238 1585 Polyxena
1275 1528 1401 1587 fugit
1441 1535 1610 1586 49,19
1671 1544 1742 1575 ro-

998 1588 1115 1644 gatu
1084 1543 1307 1632 nyeleni
1329 1588 1599 1634 libertatem
1625 1589 1743 1634 acci-
1751 1621 1754 1623 -

998 1646 1072 1703 pit
1103 1651 1181 1702 50,
1207 1652 1263 1691 20
1296 1647 1439 1692 Troia
1463 1649 1605 1705 capta
1636 1663 1752 1692 cum,

998 1705 1177 1750 Heleno
1211 1704 1583 1751 Cherronensum
1621 1708 1744 1765 petit

939 1823 1117 1869 Helaea
1148 1823 1372 1881 oppidum
1404 1824 1453 1871 in
1477 1825 1633 1870 insula
1657 1825 1744 1883 Cy·
1756 1855 1762 1859 Α

998 1884 1163 1928 therea
1196 1889 1274 1938 12,
1301 1889 1352 1927 11

938 1942 1120 1987 Helena
1158 1942 1218 1986 ab
1250 1942 1516 2005 Alexandro
1548 1957 1642 1988 non
1673 1943 1742 1988 in-

998 2001 1099 2046 vita
1130 2001 1311 2058 rapitur
1346 2007 1414 2057 12,
1437 2007 1490 2045 23
1525 2002 1743 2047 describi-

998 2062 1075 2104 tur
1090 2066 1158 2116 14,
1172 2064 1225 2104 15
1241 2059 1496 2105 honorifice
1509 2063 1763 2106 tractatur·

999 2133 1092 2163 non
1117 2119 1272 2164 solum
1292 2119 1352 2163 ab
1369 2119 1636 2164 Alexandro
1662 2121 1743 2165 sed

999 2178 1144 2222 etiam
1183 2192 1212 2222 a
1249 2177 1435 2223 Priamo
1472 2181 1520 2223 et
1549 2179 1743 2224 Hecuba

999 2242 1176 2293 43,10
1240 2251 1345 2280 cum
1393 2252 1478 2282 suo
1527 2238 1761 2283 Menelao-

1000 2296 1190 2340 domum
1219 2298 1488 2355 reportatur
1520 2302 1600 2353 51,
1627 2302 1684 2341 20

939 2354 1144 2399 Helenus
1204 2354 1382 2399 Priami
1442 2354 1565 2399 filius
1628 2362 1676 2410 6,
1715 2362 1744 2401 4

1000 2414 1167 2458 Troiae
1193 2414 1435 2457 interitum
1456 2414 1763 2460 vaticinatur·

1000 2479 1040 2528 9,
1061 2478 1115 2517 16
1148 2471 1428 2517 describitur
1455 2478 1523 2528 15,
1546 2478 1574 2517 4
1605 2474 1742 2519 liber-

997 2533 1096 2576 tate
1122 2532 1336 2588 donatur,
1366 2546 1452 2588 pro
1476 2531 1671 2577 Hecuba
1695 2535 1743 2578 et

997 2589 1326 2634 Andromacha
1362 2591 1638 2646 deprecatur
1671 2597 1741 2648 50,

1001 2655 1052 2694 17
1073 2650 1213 2693 Troia
1222 2651 1362 2705 capta
1371 2649 1742 2694 Cherronensum

996 2708 1120 2765 petit
1151 2713 1228 2764 51,
1255 2714 1308 2752 21
1365 2708 1503 2752 multi
1535 2722 1641 2752 eum
1674 2723 1741 2754 se-

999 2768 1205 2823 quuntur
1236 2772 1314 2823 52,
1343 2773 1398 2811 14

938 2825 1158 2870 Hercules
1197 2827 1332 2882 pater
1364 2826 1560 2883 Telephi
1600 2833 1678 2882 21,
1714 2833 1740 2871 6

997 2885 1363 2930 Laomedontem
1407 2887 1454 2930 et
1489 2886 1588 2930 eius
1618 2886 1759 2931 filios-

997 2943 1220 2988 interfieit
1253 2949 1383 3001 5,,15
