1956 3178
723 148 1148 195 PRAEFATIO.
1622 168 1763 207 XXX1

105 272 306 327 fuerint
357 272 617 326 mulieres.
665 271 998 325 omittantur.
1092 269 1178 323 Ex
1227 271 1330 324 hoc
1380 271 1760 325 historicorum

104 363 328 400 numero
369 349 453 399 est
491 346 654 399 etiam
692 344 983 399 Ioannes
1020 345 1312 409 Man-sel,
1358 345 1653 399 Ioannes
1691 347 1762 399 de

105 419 357 489 Gom-cy
406 423 460 473 et
509 423 695 473 auctor
743 419 868 472 libri
922 418 1181 488 „Recueil
1233 419 1324 471 des
1364 418 1634 472 Histoires
1674 437 1758 473 ro-

104 493 357 563 maines“,
406 495 491 547 cui
536 497 719 547 tamen
759 492 933 546 Guido
981 493 1044 545 de
1085 491 1347 546 Columna
1391 512 1503 547 non
1541 494 1761 564 ignotus

104 571 239 621 erat:
278 568 337 620 hi
376 571 430 621 et
468 568 560 621 alii
584 569 885 637 complures
908 568 967 619 in
990 567 1180 636 primis
1205 566 1558 620 Benedictum
1593 569 1761 622 secuti

102 660 370 712 nusquam
426 642 510 695 sui
563 642 731 695 fontis
787 642 1119 694 mentionem
1180 641 1445 710 fecerunt,
1516 643 1585 695 ob
1641 661 1760 695 eam

103 734 335 784 causam,
375 716 517 785 quod
555 716 658 769 hoc
682 734 883 769 nomen
906 716 1015 768 iam
1042 716 1312 768 oblivione
1352 716 1605 768 obrutum
1646 719 1761 769 erat

102 808 274 861 neque
311 791 370 842 in
407 790 473 842 iis
513 790 708 860 quibus
747 790 1039 842 utebantur
1076 790 1229 842 libris
1268 790 1648 858 reperiebatur.

250 863 458 916 Eadem
502 864 634 917 haec
673 864 898 916 materia
949 880 1082 917 saec.
1122 862 1224 915 XV
1273 864 1431 916 solito
1479 864 1588 916 illis
1628 867 1760 916 tem-

100 938 321 1008 poribus
338 956 485 991 more
498 938 555 990 in
567 938 644 991 M
641 939 896 1006 ysteriis
911 940 1145 991 tractata
1162 940 1264 990 est:
1303 956 1431 990 nam
1447 938 1497 989 le
1522 937 1758 1006 Mystere

101 1012 165 1066 de
211 1013 265 1066 la
301 1011 648 1065 Destruction
695 1012 758 1064 de
798 1012 956 1065 Troie
1003 1013 1056 1064 la
1102 1010 1276 1065 Grant
1322 1030 1479 1081 quem
1527 1031 1573 1064 a.
1617 1012 1761 1065 1450

103 1087 318 1155 scripsit
377 1086 644 1140 Jacobus
704 1083 976 1157 Milleffi)
1038 1086 1331 1138 maximam
1392 1089 1602 1154 partem
1663 1087 1758 1139 illo

100 1161 306 1229 nititur,
353 1161 580 1230 denique
620 1178 754 1213 saec.
794 1159 925 1212 XVI
970 1161 1028 1212 in
1083 1160 1401 1230 tragoediiS‚
1456 1163 1517 1212 ut
1554 1161 1612 1212 in
1650 1162 1759 1213 tra-

101 1235 294 1304 goedia
374 1234 576 1288 Hector
649 1234 949 1303 composita
1023 1235 1090 1286 ab
1164 1234 1312 1287 Ant.
1389 1235 1459 1287 de
1536 1234 1613 1287 M
1616 1239 1762 1287 ont-

101 1308 448 1363 chrestien.

247 1381 437 1453 Neque
477 1384 651 1436 solum
688 1401 784 1452 per
821 1382 1251 1452 Franoogalliam
1301 1383 1390 1435 sed
1438 1400 1534 1451 per
1574 1400 1762 1435 omnes

99 1456 210 1510 fere
263 1456 514 1526 Europae
566 1460 736 1510 terras
785 1456 930 1509 fama
980 1456 1259 1510 Benedicti
1311 1457 1591 1526 divulgata
1654 1460 1758 1510 est:

99 1531 297 1600 ubique
336 1534 623 1584 sectatores
664 1534 718 1583 et
754 1531 1050 1583 imitatores
1090 1531 1317 1598 invenit,
1371 1531 1429 1582 in
1474 1531 1663 1599 primis
1702 1532 1760 1583 in

101 1603 391 1658 Germania
438 1609 492 1658 et
530 1605 711 1672 Italia,
767 1605 830 1656 de
870 1605 1063 1674 quibus
1103 1606 1263 1674 paulo
1304 1605 1576 1674 copiosius
1617 1605 1763 1657 infra

101 1696 336 1750 agemus,
438 1678 504 1732 In
576 1680 930 1732 Hollandia
999 1697 1134 1732 saec.
1196 1678 1328 1730 XIII
1396 1678 1588 1731 Jacob
1642 1697 1761 1732 van

99 1753 423 1807 Mam-lant
439 1751 482 1824 2)
508 1771 629 1806 eum
654 1753 1036 1821 interpretatus
1062 1756 1163 1805 est:
1203 1753 1307 1806 huc
1338 1752 1573 1822 pertinet
1596 1753 1760 1806 etiam

98 1826 245 1880 haud
282 1827 441 1880 dubie
477 1826 588 1896 „De
622 1827 979 1896 Trojaensche
1017 1826 1305 1897 vorlog“{”),
1345 1845 1503 1896 quem
1544 1827 1760 1896 scripsit

100 1899 288 1969 Seyer
325 1901 762 1970 Diereyodyaf.

249 1974 463 2028 Certam
501 1978 709 2044 partem
750 1975 1036 2045 quandam,
1073 1992 1266 2043 nempe
1307 1992 1545 2027 amorem
1586 1974 1757 2027 Troili

101 2052 155 2101 et
212 2047 488 2102 Briseidae
546 2049 873 2118 lepidissime
933 2068 964 2101 a
1010 2048 1303 2101 Benedicto
1354 2051 1644 2101 tractatam
1699 2050 1759 2100 in

99 2121 258 2175 Italia
302 2122 607 2176 felicissime
654 2123 895 2175 imitatus
937 2126 1019 2175 est
1056 2123 1422 2175 Boccatiu‘s
1437 2120 1482 2192 4)
1522 2123 1579 2174 in
1617 2122 1758 2176 libro

101 2214 259 2266 quem
298 2197 572 2265 inscripsit
608 2195 920 2249 Filostrato:
960 2197 1046 2249 hic
1088 2214 1223 2250 saec.
1263 2195 1393 2248 XIV
1435 2199 1661 2249 exeunte
1699 2197 1759 2249 in

101 2270 487 2339 Francogallia,
527 2289 647 2322 cum
686 2271 794 2322 iam
818 2288 975 2323 nemo
1000 2270 1277 2324 Benedicti
1302 2288 1518 2323 carmen
1542 2271 1759 2340 legeret,

101 2363 133 2396 a
187 2343 438 2413 (Petro)
500 2344 803 2397 Beauvcm
865 2345 922 2396 in
985 2345 1228 2414 linguam
1292 2344 1758 2414 Francogallicam

99 2435 285 2471 versus
350 2421 455 2471 est:
544 2421 596 2470 et
660 2417 938 2471 Benedicti
997 2436 1213 2471 carmen
1284 2421 1337 2470 et
1389 2418 1761 2471 Boccatium

100 2491 341 2545 imitatus
405 2491 675 2545 Chauce
694 2509 724 2543 r
785 2492 1159 2545 celeberrimus
1221 2491 1537 2544 Britanniae
1598 2494 1760 2560 poeta

103 2565 244 2618 circa
294 2585 340 2619 a.
393 2566 535 2619 1360
583 2566 886 2635 composuit
930 2567 1087 2635 „here
1149 2566 1427 2619 followeth
1491 2564 1641 2619 Boke
1704 2565 1765 2618 of

225 2770 255 2826 ¹)
298 2770 406 2827 Joly
443 2770 537 2815 1.1.
570 2786 615 2827 p.
658 2776 746 2816 434
785 2787 884 2829 sqq.
1043 2772 1074 2828 2)
1117 2771 1238 2815 edid.
1279 2770 1589 2826 Blommaert,
1635 2770 1758 2814 Oud-

100 2828 363 2873 vlaemsche
394 2829 611 2886 gedichte
643 2830 724 2874 der
751 2830 865 2886 XII.‚
899 2831 1018 2875 XIII.
1055 2845 1110 2875 en
1127 2830 1250 2874 XIV.
1284 2830 1487 2874 Eeuwen
1518 2830 1576 2885 II,
1611 2833 1664 2873 73
1699 2828 1757 2873 cf.

98 2887 204 2932 Dun
241 2901 291 2932 er
321 2888 351 2932 l.
370 2887 399 2933 1.
424 2903 468 2945 p.
487 2893 543 2932 39
568 2889 778 2946 Bartsch,
810 2890 1036 2934 Albrecht
1059 2903 1152 2934 von
1175 2889 1483 2933 Halberstadt
1506 2903 1551 2946 p.
1576 2886 1760 2933 XLCV.

103 2945 136 3002 3)
169 2960 193 2990 e
231 2983 238 2991 .
273 2947 558 2992 Blommaert
587 2948 617 2992 1.
650 2948 681 2993 1.
714 2949 748 3003 Ι,
784 2954 820 2991 1.
946 2949 980 3005 ⁴)
1013 2949 1121 3005 Joly
1152 2948 1182 2991 1.
1216 2948 1246 2992 l.
1278 2964 1323 3005 p.
1359 2952 1457 2993 504.
