1956 3178
703 137 1127 183 PRAEFATIO.
1661 156 1745 194 XV

86 261 248 313 retur.
322 258 543 312 Etenim
582 277 704 312 cum
741 259 1058 329 pervulgata
1097 263 1239 312 esset
1278 259 1460 328 opinio
1484 258 1740 312 Daretem

90 333 479 403 antiquissimis
524 334 856 401 temporibus
902 332 1128 386 Iliadem
1177 334 1477 403 scripsisse,
1531 334 1740 386 nullum

91 425 287 461 nomen
336 407 512 475 aptius
521 448 535 474 ,
587 407 795 460 nullum
849 407 1108 460 celebrius
1163 408 1337 460 visum
1393 411 1475 460 est
1525 426 1737 478 quoque

89 481 299 534 facilius
340 482 459 550 quis
500 483 553 533 et
591 482 839 551 aequales
880 485 934 534 et
971 481 1216 534 homines
1254 482 1567 551 posterioris
1607 485 1744 534 tem-v

89 556 236 624 poris
280 554 503 607 falleret.
578 554 756 624 Atque
805 556 851 608 is
900 556 991 627 qui
1037 556 1177 609 hanc
1223 556 1466 608 fraudem
1505 556 1747 608 instituit

88 632 203 682 tam
220 629 394 681 audax
409 629 512 681 fuit
528 632 582 682 et
599 630 911 682 credulitate
928 630 1209 683 hominum
1235 631 1365 683 adeo
1385 630 1618 683 confisus
1644 633 1742 698 est,

88 705 151 755 ut
189 702 501 756 difficultate
542 721 677 773 quae
716 704 839 756 inde
877 706 1143 771 movetur,
1184 705 1325 774 quod
1366 705 1747 774 antiquissima

90 777 184 830 illa
232 775 448 830 Daretis
497 777 625 830 Ilias
675 778 917 830 versibus
970 779 1169 846 scripta
1226 778 1391 830 fuisse
1446 779 1746 846 videbatur,

91 851 250 920 plane
292 851 538 921 neglecta
587 852 947 904 miserrimum
997 853 1238 904 libellum
1281 871 1436 904 suum
1475 855 1747 904 vetustate

94 927 362 978 sacratum
400 926 574 978 vellet.

238 997 426 1068 Neque
463 1018 588 1052 vero
628 1000 682 1052 id
722 1000 863 1069 quod
902 1000 1029 1053 fecit
1066 1003 1252 1054 auctor
1290 1000 1448 1052 huius
1489 1000 1614 1053 libri
1654 1000 1746 1052 ad-

91 1073 310 1126 modum
337 1074 608 1126 insuetum
634 1076 728 1126 aut
750 1074 1051 1126 inauditum
1077 1078 1206 1142 erat,
1245 1092 1373 1126 nam
1399 1093 1520 1126 cum
1544 1091 1744 1126 nomen

93 1146 314 1200 Troiani
358 1146 574 1200 Daretis
623 1166 719 1200 suo
766 1149 904 1200 libro
951 1149 1270 1201 inscriberet
1308 1148 1468 1200 modo
1509 1147 1744 1216 reliquos

93 1221 185 1290 qui
223 1221 287 1273 de
327 1221 511 1273 eadem
543 1222 769 1274 materia
809 1223 1138 1291 scripserunt
1159 1222 1401 1274 imitatus
1428 1224 1523 1274 est.
1598 1220 1743 1274 Nam

92 1293 280 1363 Dictys
337 1294 606 1348 Cretensis
615 1338 628 1363 ,
700 1296 799 1348 sub
863 1297 1012 1348 cuius
1074 1296 1292 1349 nomine
1353 1295 1745 1364 Ephemeridos

93 1367 231 1421 Belli
255 1368 474 1422 Troiani
515 1370 640 1422 libri
673 1388 764 1422 sex
789 1369 1248 1438 circumferuntur,
1288 1373 1348 1421 ut
1388 1369 1530 1438 apud
1569 1370 1747 1438 ipsum

92 1443 322 1513 legimus
378 1441 458 1513 (in
511 1443 762 1513 Epistola
817 1447 870 1495 et
923 1443 1179 1513 Prologo,
1234 1446 1512 1512 praeterea
1567 1446 1746 1495 autem

95 1517 256 1569 etiam
294 1517 322 1568 I
366 1519 431 1570 13
470 1518 523 1571 V
568 1519 631 1570 17
674 1517 754 1569 VI
795 1516 852 1587 2)
893 1536 1070 1570 comes
1110 1517 1383 1570 Idomenei
1423 1521 1561 1586 erat,
1602 1515 1747 1585 Sisy-

94 1590 233 1659 phus
285 1589 426 1644 Cous
476 1594 612 1644 teste
662 1590 863 1643 Malala
913 1590 1385 1662 (Chronographia
1422 1591 1473 1643 V
1513 1611 1563 1660 p.
1616 1590 1746 1659 168)

95 1663 286 1717 Teucri
326 1665 500 1718 scriba
538 1666 678 1717 bello
718 1665 951 1718 Troiano
991 1666 1236 1718 interfuit
1268 1668 1426 1734 atque
1468 1666 1579 1717 eius
1619 1665 1747 1718 belli

94 1737 376 1791 historiam
416 1739 659 1806 confecit,
700 1758 763 1791 ex
802 1758 906 1808 quo
947 1743 1163 1808 postero
1204 1743 1444 1808 tempore
1475 1739 1747 1792 Homerus

95 1810 333 1879 Iliadem,
348 1810 619 1883 Vergilius
634 1814 925 1865 Aeneidem
951 1814 1203 1881 condidit,
1228 1814 1456 1883 denique
1475 1812 1745 1866 Corinnus

96 1882 254 1955 (teste
295 1885 459 1939 Suida
498 1887 596 1940 sub
622 1884 929 1958 Κόριννος)
953 1886 1255 1939 Palamedis
1282 1888 1574 1956 discipulus
1615 1890 1745 1954 erat,

98 1960 189 2028 qui
211 1960 353 2013 inter
375 1960 585 2013 Bellum
609 1958 903 2014 Troianum
927 1962 1121 2014 litteris
1162 1960 1372 2014 Doricis
1406 1979 1438 2012 a
1462 1960 1750 2013 Palamede

95 2033 329 2086 inventis
376 2034 598 2087 Iliadem
646 2036 880 2087 carmine
921 2035 1246 2103 composuit,
1300 2035 1441 2103 unde
1480 2034 1751 2087 Homerus

100 2125 256 2160 suum
296 2111 671 2178 argumentum
710 2109 905 2160 hausit.

246 2181 424 2251 Atque
462 2183 517 2234 id
557 2182 700 2252 quod
738 2183 908 2234 voluit
945 2183 1034 2234 ille
1080 2182 1242 2235 homo
1282 2182 1540 2234 levissimi
1584 2181 1750 2234 animi

98 2254 287 2307 melius
335 2259 388 2308 et
431 2256 666 2324 pleniuS,
722 2275 882 2326 quam
923 2256 1208 2325 quisquam
1249 2258 1569 2325 suspicetur,
1627 2273 1752 2308 con-

99 2331 311 2381 secutus
351 2332 447 2382 est.
522 2329 744 2381 Etenim
783 2330 1033 2382 omnibus
1074 2331 1300 2383 saeculis
1339 2331 1558 2382 fuerunt
1595 2329 1753 2382 multi

100 2404 154 2453 et
192 2403 522 2471 amplissima
561 2404 804 2456 doctrina
830 2405 1006 2456 ornati
1029 2405 1144 2472 viri,
1184 2405 1275 2473 qui
1308 2404 1361 2456 id
1387 2403 1529 2472 quod
1553 2403 1757 2455 litteris

98 2476 356 2529 traditum
407 2480 522 2529 erat
569 2496 667 2546 pro
719 2495 843 2530 vero
893 2478 1155 2530 habentes
1206 2478 1489 2530 historiam
1537 2475 1755 2529 Daretis

98 2549 345 2617 primitus
356 2568 545 2621 graece
563 2552 816 2620 scriptam
832 2551 998 2604 fuisse
1016 2552 1435 2619 arbitrabantur,
1452 2551 1752 2603 novissimo

101 2625 341 2692 tempore
381 2623 707 2678 Dederichus
725 2624 764 2696 1)
806 2628 859 2677 et
885 2623 1235 2694 Cl1olevius2).
1311 2624 1552 2677 Fuerunt
1590 2624 1754 2676 etiam

101 2697 192 2765 qui
239 2698 367 2750 olim
413 2700 803 2768 amplissimum
841 2698 1055 2752 Daretis
1105 2718 1238 2767 opus
1285 2699 1451 2751 latine
1492 2699 1753 2767 scriptum

225 2813 258 2870 ¹]
306 2813 456 2859 Praef.
505 2814 554 2858 in
600 2815 772 2872 Dictyn
802 2815 853 2872 'p.
896 2821 972 2870 22,
1014 2815 1062 2858 in
1095 2816 1315 2858 Daretem
1348 2829 1392 2870 p.
1427 2820 1466 2858 6.
1594 2813 1627 2870 ²)
1661 2813 1750 2857 Ge-

101 2871 309 2916 schichte
349 2873 431 2917 der
473 2874 728 2918 deutschen
766 2873 929 2919 Poesie
970 2874 1091 2918 nach
1138 2874 1271 2918 ihren
1315 2873 1510 2918 antiken
1557 2872 1757 2926 Quellen

101 2929 296 2989 Leipzig
330 2937 443 2977 1854
468 2934 487 2976 Ι
511 2948 554 2989 p.
585 2938 680 2978 109.
