1956 3178
735 171 1155 217 PRAEFATIO.
1626 191 1773 230 XL111

120 291 328 343 bulavit
366 310 486 344 cum
527 292 846 345 dominabus
894 311 988 360 per
1034 291 1224 345 urbes“
1271 324 1340 330 —
1389 292 1440 345 V
1480 292 1547 346 51
1590 311 1775 346 narra·

117 367 234 417 tum
260 368 341 417 est
357 365 820 435 Agamemnonem
843 366 1010 419 filiam
1035 385 1186 419 suam
1213 367 1566 435 arcessivisse,
1591 367 1776 420 eodem

117 454 274 490 versu
321 439 548 508 legimus
596 440 755 492 ambo
809 457 962 509 reges
1002 439 1214 492 Ulixem
1255 441 1322 492 ad
1363 438 1781 508 Clytemestram

117 512 330 564 misisse
370 513 436 564 ad
477 531 596 565 eam
635 514 1021 566 arcessendam.

266 585 511 638 Exeunte
559 605 692 639 saec.
742 585 874 638 XIII
922 587 1123 640 Guido
1163 589 1230 640 dc
1269 587 1566 640 Columna
1618 589 1776 641 iudex

115 657 478 711 Messanensis
497 660 587 728 qui
596 678 691 728 per
702 661 918 730 longius
932 662 1188 729 temporis
1208 662 1441 729 spatium
1454 662 1511 714 in
1521 662 1721 732 Anglia
1734 661 1774 731 1)

118 731 357 801 degerat,
411 733 597 802 lingua
635 734 805 785 latina
842 735 1124 787 historiam
1165 735 1543 788 destructionis
1584 735 1781 788 Troiae

116 805 370 857 mandato
410 804 670 858 Matthaei
710 807 774 859 de
812 807 976 860 Porta
1023 809 1408 876 archiepiscopi
1449 807 1775 862 Salernitani

115 881 178 931 ut
221 878 336 946 ipse
383 878 440 929 in
487 880 697 948 epilogo
739 881 868 931 dicit
907 882 1163 948 scriptam
1202 881 1269 932 ad
1308 881 1472 933 finem
1510 883 1778 950 perduxit.

117 949 338 1004 Codices
356 954 542 1003 extant
564 953 622 1003 in
645 953 773 1004 bibl.
798 953 944 1020 publ.
968 953 1136 1006 Paris.
1153 973 1266 1006 non
1289 955 1468 1006 minus
1495 974 1657 1024 quam
1686 957 1768 1023 18,

117 1042 345 1092 quorum
385 1025 488 1076 duo
531 1043 665 1078 saec.
706 1025 835 1077 XIV
884 1030 1024 1094 sunt,
1063 1028 1253 1096 reliqui
1291 1027 1416 1095 XV,
1471 1029 1776 1097 complures

115 1097 174 1148 in
220 1097 400 1164 Italia,
454 1098 736 1167 Vossius2)
800 1101 1034 1168 appellat
1097 1101 1209 1153 cod.
1265 1119 1442 1169 suum,
1496 1105 1775 1170 praeterea

115 1171 228 1223 cod.
269 1170 647 1241 Cantabrigiae
694 1173 751 1224 in
796 1174 924 1226 bibl.
964 1174 1153 1226 domus
1195 1174 1245 1227 S.
1283 1173 1443 1243 Petri,
1483 1176 1678 1229 Oxonii
1715 1177 1772 1229 in

114 1245 241 1298 bibl.
283 1243 507 1314 Collegii
545 1245 902 1299 Balliolensis.
943 1246 1116 1301 Guido
1157 1252 1217 1300 ut
1253 1268 1351 1318 pro
1392 1250 1485 1302 illo
1523 1252 1764 1318 tempore

115 1318 246 1370 satis
293 1319 532 1371 eruditus
581 1323 715 1388 erat,
769 1339 879 1373 non
929 1322 1102 1374 solum
1151 1324 1354 1390 peritus
1401 1322 1772 1376 Romanorum

112 1395 408 1461 poetarum,
448 1411 675 1462 quorum
715 1393 962 1447 Ovidium
1003 1399 1056 1447 et
1079 1395 1379 1465 Vergilium
1421 1398 1632 1466 saepius
1657 1398 1768 1449 lau-

114 1465 220 1534 dat,
260 1466 351 1518 sed
391 1467 553 1518 etiam
579 1467 805 1519 aliorum
831 1469 1152 1538 scriptorum
1176 1469 1475 1523 Ptolomaei
1499 1471 1770 1541 Aegyptii,

111 1537 361 1607 Dionysii
399 1540 776 1610 Areopagitae,
823 1542 1127 1611 Iustiniani,
1166 1543 1381 1612 Isidori,
1430 1544 1608 1597 Bedae
1638 1546 1765 1598 alio-

112 1630 254 1682 rum,
313 1631 377 1665 ex
426 1614 618 1683 quibus
671 1616 857 1684 quavis
910 1617 1189 1669 occasione
1242 1622 1454 1686 arrepta
1503 1619 1768 1672 litterulas

113 1704 237 1738 suas
276 1687 456 1755 iactat,
495 1689 775 1756 praecipue
816 1690 882 1741 ad
907 1690 1189 1742 historiam
1214 1693 1600 1761 geographiam
1626 1697 1768 1746 artes

110 1761 384 1812 naturales
423 1762 763 1829 pertinentes
841 1763 917 1815 Ut
939 1764 1053 1832 ipse
1078 1765 1136 1816 in
1174 1766 1508 1833 praefatione
1548 1768 1770 1835 exponit

110 1831 365 1886 Daretem
406 1837 458 1886 et
496 1834 694 1903 Dictyn
734 1838 973 1906 sequitur
1013 1839 1208 1907 quippe
1245 1858 1477 1908 quorum
1523 1841 1654 1893 fides
1697 1842 1769 1893 sit

111 1908 366 1959 maxima:
442 1927 799 1979 „quamquam
838 1911 937 1964 hos
976 1912 1188 1965 libellos
1229 1914 1445 1982 quidam
1485 1914 1766 1967 Romanus

112 1978 389 2034 Cornelius
439 1983 656 2035 nomine
709 1982 929 2036 Salustii
979 1987 1164 2055 magni
1214 2004 1381 2055 nepos
1431 1988 1489 2039 in
1539 1988 1766 2041 latinam

109 2054 400 2107 transferre
451 2057 736 2125 curaverit,
789 2061 972 2110 tamen
1032 2059 1156 2111 dum
1215 2060 1486 2113 laboraret
1538 2062 1764 2114 nimium

110 2127 286 2180 brevis
334 2147 468 2196 esse,
522 2131 866 2198 particularia
911 2132 1167 2185 historiae
1205 2134 1374 2202 ipsius
1417 2153 1551 2204 quae
1589 2138 1765 2206 magis

108 2206 343 2270 possunt
389 2203 597 2255 allicere
637 2205 844 2257 animos
893 2206 1196 2259 auditorum
1257 2226 1385 2276 prae
1431 2209 1601 2261 nimia
1646 2211 1764 2263 bre-

109 2276 276 2328 vitate
315 2276 620 2329 indecenter
667 2278 893 2330 omisitf‘
966 2280 1246 2348 „Asseruit
1292 2283 1435 2334 enim
1480 2283 1538 2334 in
1585 2284 1764 2337 codice

112 2350 195 2402 8111
242 2351 418 2418 operis
467 2368 660 2420 graeca
698 2352 884 2422 lingua
924 2355 1222 2422 composito
1264 2374 1449 2408 omnes
1488 2357 1610 2410 illos
1651 2358 1762 2411 suis

110 2423 277 2476 oculis
316 2424 644 2492 inspexisse“
683 2423 786 2494 (De
827 2427 999 2496 grecis
1039 2428 1419 2481 inchoantibus
1459 2430 1595 2482 inire
1635 2449 1759 2485 con-

110 2497 231 2549 silia
277 2495 396 2567 etc.)
471 2497 556 2550 Ex
602 2499 685 2551 his
730 2501 906 2553 verbis
954 2500 1167 2554 Daretis
1216 2506 1269 2554 et
1314 2502 1538 2571 Dictyos
1591 2506 1759 2558 libros

109 2570 353 2640 cognitos
400 2571 609 2624 habuit:
688 2573 779 2624 sed
827 2575 989 2626 etiam
1037 2577 1200 2628 alium
1247 2577 1444 2628 librum
1484 2580 1760 2648 cognitum

106 2643 319 2711 habuit,
382 2645 438 2697 in
493 2665 598 2715 quo
652 2646 754 2698 hoc
810 2646 1045 2701 Cornelii
1105 2650 1296 2701 vitium
1350 2650 1579 2704 vitatum
1633 2656 1761 2721 erat,

108 2717 311 2769 scilicet
324 2716 785 2789 Francogallicum
803 2720 1167 2790 Benedictum,
1204 2724 1294 2791 qui
1307 2724 1572 2791 copiosius
1599 2745 1761 2796 quam

109 2788 387 2844 Cornelius
426 2792 625 2845 bellum
649 2792 941 2847 Troianum
966 2795 1247 2864 descripsit
1270 2815 1442 2867 neque
1468 2799 1761 2869 quidquam

234 2950 267 3008 ¹)
301 2950 402 2996 Ger.
438 2953 472 2996 Ι.
506 2951 696 2997 Vossius
728 2953 814 2998 1.1.
847 2970 892 3011 p.
926 2960 1025 2999 491.
1074 2979 1079 2984 ·
1153 2956 1186 3012 2)
1219 2956 1408 3001 ibidem.
