1956 3178
0 67 12 141 l

9 147 14 151 .
30 86 69 162 ’,ἃ

0 31 11 43 Γ
196 39 198 42 .

0 48 16 62 Ρ·
91 62 94 66 .

542 115 730 158 BELLI
759 113 1014 158 TROIANI
1042 112 1162 156 LIB.
1191 111 1271 154 lv.
1654 112 1719 164 71

111 242 317 296 Achille
366 244 420 294 et
466 240 684 309 reliquis
736 238 959 291 ducibus
995 256 1070 306 pu
1109 238 1344 289 naretur.
1419 236 1524 289 hoc
1561 236 1721 290 modo

106 311 366 366 instructo
393 311 661 379 utrimque
699 308 935 362 exercitu
972 325 1074 360 oon
1113 307 1257 359 ixere
1296 306 1450 359 acies,
1526 307 1725 360 cadunt

109 383 316 451 sagittis
354 381 572 452 reginae
610 379 829 449 plurimi
865 395 1040 447 neque
1078 377 1145 430 ab
1172 377 1390 430 Teucris
1427 395 1578 430 secus
1614 377 1724 430 bel-

110 451 290 506 latum.
365 451 581 505 interim
627 450 820 503 Aiaces
870 452 924 501 et
971 448 1064 516 qui
1102 466 1223 501 cum
1259 447 1344 500 his
1389 451 1544 501 erant
1579 449 1723 517 pedi-

109 524 217 589 teS‚
257 526 439 575 contra
476 539 611 590 quos
649 523 931 585 steterant,
980 517 1197 572 caedere
1236 536 1296 571 ac
1333 521 1596 572 restantes
1635 519 1721 571 de·
1745 536 1766 569 5

106 591 322 645 trudere
378 592 726 658 umbonibuS,
787 608 1018 658 moxque
1083 589 1325 658 repulsos
1384 590 1721 643 obtruncare.

109 679 311 731 neque,
349 661 524 731 quoad
561 661 763 715 deletae
801 661 1043 729 peditum
1080 660 1293 728 copiae,
1333 660 1456 712 finis
1493 660 1569 713 fit.

127 793 136 796 K
250 731 347 785 III.
421 732 659 785 Achilles
717 732 859 784 inter
906 731 1148 799 equitum
1193 733 1396 782 turmas
1447 729 1728 783 Penthesi-

107 801 247 855 leam
293 806 482 856 nactus
520 802 674 855 hasta
710 802 871 871 petit,
919 819 1094 869 neque
1143 799 1415 852 difficilius
1453 818 1615 869 quam
1652 801 1727 854 fe-

109 872 311 925 minam
359 891 495 941 equo
535 872 782 926 deturbat
818 890 981 924 manu
1030 870 1472 939 conprehendens
1519 888 1727 924 comam
1751 890 1793 921 10

110 946 270 1012 atque
308 943 384 996 ita
421 944 657 1013 graviter
693 943 1028 996 vulneratam
1075 941 1377 994 detrahens.
1454 941 1598 1010 quod
1635 942 1728 995 ubi

38 1015 44 1018 ’
109 1031 282 1066 vlsum
329 1017 432 1082 est,
488 1017 603 1066 tum
650 1031 776 1066 vero
832 1013 1038 1065 nullam
1094 1030 1243 1080 spem
1298 1012 1357 1063 in
1415 1012 1576 1065 armis
1623 1013 1727 1065 rati

113 1082 299 1153 fugam
334 1083 566 1138 faciunt:
606 1084 905 1152 clausisque
931 1083 1164 1135 civitatis
1190 1082 1361 1150 portis
1398 1083 1572 1135 nostri
1609 1083 1729 1135 reli-

112 1172 261 1222 qUOS,
294 1172 428 1222 quos
457 1154 588 1223 fuga
617 1154 759 1207 bello
791 1156 1075 1221 exemerat,
1115 1153 1344 1205 insecuti
1387 1153 1727 1222 obtruncant,

110 1224 327 1276 feminis
352 1228 534 1278 tamen
560 1225 890 1278 abstinentes
927 1241 1117 1276 manus
1142 1226 1529 1292 parcentesque
1560 1225 1725 1277 sexui.
1751 1240 1793 1274 15

116 1294 239 1346 dein
289 1294 368 1348 uti
415 1295 639 1363 quisque
687 1296 883 1362 victor,
933 1293 1233 1346 interfectis
1271 1311 1406 1362 quos
1442 1294 1730 1348 advorsum

113 1364 313 1432 ierant,
361 1364 786 1435 regrediebatur,
835 1364 1235 1418 Penthesileam
1283 1364 1455 1417 visere
1504 1366 1730 1418 semine-

106 1451 226 1487 cem
278 1435 440 1487 etiam
487 1453 632 1488 nunc
678 1435 1036 1504 admirarique
1083 1434 1374 1488 audaciam.
1459 1436 1536 1488 ita
1578 1436 1730 1488 brevi

111 1505 179 1557 ab
219 1506 468 1558 omnibus
504 1506 563 1558 in
600 1506 827 1559 eundem
875 1506 1054 1558 locum
1091 1523 1410 1558 concursum
1448 1506 1729 1574 placitum-

110 1593 241 1643 que,
290 1575 396 1643 uti,
456 1577 713 1644 quoniam
759 1579 984 1628 naturae
1043 1594 1304 1644 sexusque
1355 1575 1729 1630 condicionem
1752 1594 1794 1627 20

113 1663 364 1714 superare
389 1664 518 1699 ausa
543 1650 696 1715 esset,
736 1647 794 1699 in
819 1646 1042 1699 fluvium
1067 1646 1275 1715 reliquo
1302 1645 1476 1699 adhuc
1514 1646 1580 1699 ad
1614 1665 1731 1716 per-

87 1715 452 1768 ‘sentiendum
489 1717 681 1785 spiritu
719 1720 812 1769 aut
851 1717 1074 1769 canibus
1104 1715 1413 1769 dilanianda
1449 1717 1728 1771 iaceretur.

118 1785 354 1839 Achilles
400 1787 739 1840 interfectam
786 1806 903 1840 eam
959 1787 1184 1856 sepelire
1242 1787 1463 1856 cupiens
1519 1806 1646 1841 mox
1700 1807 1731 1840 a

113 1854 375 1909 Diomede
412 1857 715 1925 prohibitus
754 1861 848 1911 est.
911 1858 956 1910 is
993 1875 1225 1926 namque
1250 1861 1596 1926 percontatus
1634 1859 1732 1912 cir-

110 1929 465 1995 cumstanteS,
517 1928 772 1996 quidnam
821 1928 884 1981 de
933 1946 996 1980 ea
1042 1927 1349 1980 faciendum
1396 1932 1557 1997 esset,
1606 1947 1731 1982 oon·
1753 1945 1795 1978 25

112 2012 274 2048 sensu
325 1998 568 2050 omnium
614 1998 838 2066 pedibus
887 1999 1184 2051 adtractam
1239 1998 1298 2050 in
1346 1996 1731 2051 Scamandrum

115 2067 458 2136 praecipitat,
498 2068 702 2121 scilicet
737 2086 968 2136 poenam
1004 2071 1305 2136 postremae
1344 2068 1730 2137 desperationis

116 2139 276 2216 atque
324 2139 603 2191 amentiae.
685 2138 789 2192 hoc
835 2138 994 2191 modo
1033 2139 1370 2191 Amazonum
1418 2140 1608 2209 regina
1646 2140 1731 2192 de-

116 2205 240 2259 letis
278 2208 446 2276 copiis
456 2250 471 2276 ,
521 2208 836 2277 quibuscum
885 2209 1200 2261 auxiliatum
1238 2209 1453 2262 Priamo
1494 2217 1728 2278 venerat,

114 2275 185 2328 ad
231 2281 560 2345 postremum
618 2278 736 2348 ipsa
791 2279 1152 2348 spectaculum
1209 2279 1434 2350 dignum
1492 2281 1730 2334 moribus
1753 2297 1798 2330 30

115 2346 226 2398 suis
262 2348 525 2415 praebuit.
1575 2372 1580 2376 ·

259 2417 353 2470 IV.
438 2421 514 2471 At
560 2420 803 2488 sequenti
849 2419 932 2473 die
978 2420 1238 2473 Memnon
1295 2419 1516 2472 Tithoni
1571 2424 1731 2490 atque

231 2573 456 2616 Iv—VII.
489 2575 649 2619 Malal.
684 2578 906 2618 161—164
938 2577 1133 2618 Cedren.
1168 2578 1203 2618 P
1239 2578 1334 2617 128.
1371 2578 1467 2617 1⁶29.

234 2729 258 2768 7
290 2726 394 2771 finis
426 2729 513 2770 fuit
545 2731 584 2769 P
697 2733 747 2771 12
779 2744 879 2772 cum
909 2744 1019 2773 uero
1045 2732 1079 2772 G
1110 2745 1224 2773 corr.
1255 2732 1296 2770 P
1412 2733 1462 2772 15
1494 2744 1631 2772 manu
1655 2732 1733 2773 GB

117 2794 232 2826 corr.
274 2785 315 2824 P
443 2787 494 2826 16
532 2788 692 2839 utique
736 2787 814 2828 GB
879 2789 948 2828 uti
987 2789 1178 2840 quisque
1220 2788 1308 2827 PV
1455 2790 1510 2829 27
1550 2789 1734 2829 scilicet

119 2835 230 2894 pllllt
267 2853 462 2893 poenam
503 2842 538 2883 G
576 2844 763 2884 Daceria
806 2846 954 2884 maluit»
989 2857 1139 2896 poena
1179 2846 1246 2884 uel
1281 2844 1329 2884 in
1360 2857 1577 2898 poenam,
1631 2845 1734 2885 Vin-

119 2895 287 2949 dinqius
319 2897 536 2939 luiturum
566 2911 609 2952 p.
725 2901 778 2941 32
811 2900 1002 2941 tithonis
1036 2899 1114 2940 GB
1174 2900 1311 2941 titoni
1341 2901 1392 2940 P.
