<?xml version="1.0" encoding="UTF-8"?>
<!DOCTYPE html PUBLIC "-//W3C//DTD XHTML 1.0 Transitional//EN"
    "http://www.w3.org/TR/xhtml1/DTD/xhtml1-transitional.dtd">
<html xmlns="http://www.w3.org/1999/xhtml" xml:lang="en" lang="en">
 <head>
  <title>
</title>
<meta http-equiv="Content-Type" content="text/html;charset=utf-8" />
  <meta name='ocr-system' content='tesseract 3.04.00' />
  <meta name='ocr-capabilities' content='ocr_page ocr_carea ocr_par ocr_line ocrx_word'/>
</head>
<body>
  <div class='ocr_page' id='page_1' title='image "./dictyscretensise00dictuoft_0086.png"; bbox 0 0 1956 3178; ppageno 0'>
   <div class='ocr_carea' id='block_1_1' title="bbox 1812 32 1902 67">
    <p class='ocr_par' dir='ltr' id='par_1_1' title="bbox 1812 32 1902 67">
     <span class='ocr_line' id='line_1_1' title="bbox 1812 32 1846 46; baseline -0.029 0"><span class='ocrx_word' id='word_1_1' title='bbox 1812 32 1846 46; x_wconf 35' lang='lat' dir='ltr'>«VK.</span> 
     </span>
     <span class='ocr_line' id='line_1_2' title="bbox 1832 46 1902 67; baseline 0.014 -5"><span class='ocrx_word' id='word_1_2' title='bbox 1832 46 1866 67; x_wconf 54' lang='lat' dir='ltr'>,ee</span> <span class='ocrx_word' id='word_1_3' title='bbox 1898 60 1902 63; x_wconf 74' lang='grc'>,</span> 
     </span>
    </p>
   </div>
   <div class='ocr_carea' id='block_1_2' title="bbox 250 88 1348 140">
    <p class='ocr_par' dir='ltr' id='par_1_2' title="bbox 250 88 1348 140">
     <span class='ocr_line' id='line_1_3' title="bbox 250 88 1348 140; baseline 0.003 -10"><span class='ocrx_word' id='word_1_4' title='bbox 250 88 319 140; x_wconf 82' lang='grc'>64</span> <span class='ocrx_word' id='word_1_5' title='bbox 757 89 978 131; x_wconf 77' lang='lat' dir='ltr'>DIOTYS</span> <span class='ocrx_word' id='word_1_6' title='bbox 1011 89 1348 133; x_wconf 71' lang='lat' dir='ltr'>CRETENSIS</span> 
     </span>
    </p>
   </div>
   <div class='ocr_carea' id='block_1_3' title="bbox 208 214 1956 568">
    <p class='ocr_par' dir='ltr' id='par_1_3' title="bbox 208 214 1956 568">
     <span class='ocr_line' id='line_1_4' title="bbox 249 214 1938 284; baseline 0.001 -17"><span class='ocrx_word' id='word_1_7' title='bbox 249 233 377 284; x_wconf 88' lang='lat' dir='ltr'>prae</span> <span class='ocrx_word' id='word_1_8' title='bbox 415 233 470 267; x_wconf 91' lang='lat' dir='ltr'>se</span> <span class='ocrx_word' id='word_1_9' title='bbox 507 215 710 267; x_wconf 90' lang='lat' dir='ltr'>habens</span> <span class='ocrx_word' id='word_1_10' title='bbox 764 214 880 284; x_wconf 79' lang='lat' dir='ltr'>regi</span> <span class='ocrx_word' id='word_1_11' title='bbox 927 214 1293 267; x_wconf 89' lang='lat' dir='ltr'>adiumentum</span> <span class='ocrx_word' id='word_1_12' title='bbox 1342 214 1659 284; x_wconf 89' lang='lat' dir='ltr'>deprecandi</span> <span class='ocrx_word' id='word_1_13' title='bbox 1714 216 1859 274; x_wconf 87' lang='lat' dir='ltr'>addi-</span> <span class='ocrx_word' id='word_1_14' title='bbox 1935 254 1938 255; x_wconf 20' lang='grc' dir='ltr'><em>ν</em></span> 
     </span>
     <span class='ocr_line' id='line_1_5' title="bbox 251 284 1956 354; baseline 0.001 -16"><span class='ocrx_word' id='word_1_15' title='bbox 251 286 414 354; x_wconf 89' lang='lat' dir='ltr'>derat,</span> <span class='ocrx_word' id='word_1_16' title='bbox 455 286 547 354; x_wconf 91' lang='lat' dir='ltr'>qui</span> <span class='ocrx_word' id='word_1_17' title='bbox 584 284 914 337; x_wconf 88' lang='lat' dir='ltr'>maeroribus</span> <span class='ocrx_word' id='word_1_18' title='bbox 952 285 1207 354; x_wconf 89' lang='lat' dir='ltr'>senioque</span> <span class='ocrx_word' id='word_1_19' title='bbox 1244 285 1544 354; x_wconf 86' lang='lat' dir='ltr'>decrepitus</span> <span class='ocrx_word' id='word_1_20' title='bbox 1579 286 1721 339; x_wconf 85' lang='lat' dir='ltr'>filiae</span> <span class='ocrx_word' id='word_1_21' title='bbox 1757 286 1859 340; x_wconf 89' lang='lat' dir='ltr'>Po·</span> <span class='ocrx_word' id='word_1_22' title='bbox 1945 326 1956 353; x_wconf 61' lang='lat'><em>÷</em></span> 
     </span>
     <span class='ocr_line' id='line_1_6' title="bbox 250 355 1956 425; baseline 0.001 -17"><span class='ocrx_word' id='word_1_23' title='bbox 250 357 475 425; x_wconf 86' lang='lat' dir='ltr'>lyxenae</span> <span class='ocrx_word' id='word_1_24' title='bbox 522 356 718 408; x_wconf 90' lang='lat' dir='ltr'>umeris</span> <span class='ocrx_word' id='word_1_25' title='bbox 772 355 1117 408; x_wconf 73' lang='lat' dir='ltr'><strong>innitebatur.</strong></span> <span class='ocrx_word' id='word_1_26' title='bbox 1202 357 1561 424; x_wconf 89' lang='lat' dir='ltr'>sequebantur</span> <span class='ocrx_word' id='word_1_27' title='bbox 1615 357 1861 410; x_wconf 84' lang='lat' dir='ltr'>vehicula</span> <span class='ocrx_word' id='word_1_28' title='bbox 1926 355 1956 390; x_wconf 34' lang='lat' dir='ltr'>v‘</span> 
     </span>
     <span class='ocr_line' id='line_1_7' title="bbox 249 426 1948 495; baseline -0.001 -17"><span class='ocrx_word' id='word_1_29' title='bbox 249 427 411 495; x_wconf 89' lang='lat' dir='ltr'>plena</span> <span class='ocrx_word' id='word_1_30' title='bbox 463 426 578 478; x_wconf 88' lang='lat' dir='ltr'>auri</span> <span class='ocrx_word' id='word_1_31' title='bbox 626 428 785 494; x_wconf 90' lang='lat' dir='ltr'>atque</span> <span class='ocrx_word' id='word_1_32' title='bbox 832 426 1039 495; x_wconf 85' lang='lat' dir='ltr'>argenti</span> <span class='ocrx_word' id='word_1_33' title='bbox 1085 426 1457 495; x_wconf 68' lang='lat' dir='ltr'>pretiosaeque</span> <span class='ocrx_word' id='word_1_34' title='bbox 1504 427 1666 479; x_wconf 86' lang='lat' dir='ltr'>vestis</span> <span class='ocrx_word' id='word_1_35' title='bbox 1675 468 1689 495; x_wconf 89' lang='lat'>,</span> <span class='ocrx_word' id='word_1_36' title='bbox 1739 445 1860 480; x_wconf 91' lang='lat' dir='ltr'>cum</span> <span class='ocrx_word' id='word_1_37' title='bbox 1944 476 1948 477; x_wconf 18' lang='lat'><em>⁷</em></span> 
     </span>
     <span class='ocr_line' id='line_1_8' title="bbox 208 495 1956 568; baseline -0.001 -16"><span class='ocrx_word' id='word_1_38' title='bbox 208 521 230 553; x_wconf 87' lang='lat'>5</span> <span class='ocrx_word' id='word_1_39' title='bbox 253 515 411 565; x_wconf 88' lang='lat' dir='ltr'>super</span> <span class='ocrx_word' id='word_1_40' title='bbox 447 515 660 548; x_wconf 89' lang='lat' dir='ltr'>murum</span> <span class='ocrx_word' id='word_1_41' title='bbox 698 495 1064 564; x_wconf 69' lang='lat' dir='ltr'>despectantes</span> <span class='ocrx_word' id='word_1_42' title='bbox 1103 496 1323 548; x_wconf 89' lang='lat' dir='ltr'>Troiani</span> <span class='ocrx_word' id='word_1_43' title='bbox 1368 497 1683 550; x_wconf 87' lang='lat' dir='ltr'>comitatum</span> <span class='ocrx_word' id='word_1_44' title='bbox 1718 498 1860 568; x_wconf 85' lang='lat' dir='ltr'>regis</span> <span class='ocrx_word' id='word_1_45' title='bbox 1940 508 1956 522; x_wconf 53' lang='lat'>&#39;¹</span> 
     </span>
    </p>
   </div>
   <div class='ocr_carea' id='block_1_4' title="bbox 1774 0 1956 191">
    <p class='ocr_par' dir='ltr' id='par_1_4' title="bbox 1774 0 1956 191">
     <span class='ocr_line' id='line_1_9' title="bbox 1774 0 1956 191; baseline 0 -127"><span class='ocrx_word' id='word_1_46' title='bbox 1774 0 1956 191; x_wconf 95' lang='lat' dir='ltr'>    </span> 
     </span>
    </p>
   </div>
   <div class='ocr_carea' id='block_1_5' title="bbox 252 567 1956 636">
    <p class='ocr_par' dir='ltr' id='par_1_5' title="bbox 252 567 1956 636">
     <span class='ocr_line' id='line_1_10' title="bbox 252 567 1956 636; baseline 0 -16"><span class='ocrx_word' id='word_1_47' title='bbox 252 567 420 620; x_wconf 91' lang='lat' dir='ltr'>oculis</span> <span class='ocrx_word' id='word_1_48' title='bbox 466 569 930 635; x_wconf 84' lang='lat' dir='ltr'>prosequerentur.</span> <span class='ocrx_word' id='word_1_49' title='bbox 1006 584 1112 634; x_wconf 90' lang='lat' dir='ltr'>quo</span> <span class='ocrx_word' id='word_1_50' title='bbox 1160 567 1275 619; x_wconf 87' lang='lat' dir='ltr'>viso</span> <span class='ocrx_word' id='word_1_51' title='bbox 1324 570 1543 636; x_wconf 90' lang='lat' dir='ltr'>repente</span> <span class='ocrx_word' id='word_1_52' title='bbox 1587 567 1861 620; x_wconf 89' lang='lat' dir='ltr'>silentium</span> <span class='ocrx_word' id='word_1_53' title='bbox 1931 575 1956 578; x_wconf 70' lang='grc'><em>“</em></span> 
     </span>
    </p>
   </div>
   <div class='ocr_carea' id='block_1_6' title="bbox 189 637 1862 1551">
    <p class='ocr_par' dir='ltr' id='par_1_6' title="bbox 189 637 1862 1411">
     <span class='ocr_line' id='line_1_11' title="bbox 252 637 1860 707; baseline 0.001 -17"><span class='ocrx_word' id='word_1_54' title='bbox 252 656 317 690; x_wconf 85' lang='lat' dir='ltr'>ex</span> <span class='ocrx_word' id='word_1_55' title='bbox 354 637 727 690; x_wconf 83' lang='lat' dir='ltr'>ammiratione</span> <span class='ocrx_word' id='word_1_56' title='bbox 766 637 936 690; x_wconf 86' lang='lat' dir='ltr'>oritur</span> <span class='ocrx_word' id='word_1_57' title='bbox 972 655 1032 690; x_wconf 90' lang='lat' dir='ltr'>ac</span> <span class='ocrx_word' id='word_1_58' title='bbox 1080 655 1207 689; x_wconf 86' lang='lat' dir='ltr'>mox</span> <span class='ocrx_word' id='word_1_59' title='bbox 1252 654 1405 707; x_wconf 82' lang='lat' dir='ltr'>reges</span> <span class='ocrx_word' id='word_1_60' title='bbox 1452 637 1594 690; x_wconf 88' lang='lat' dir='ltr'>avidi</span> <span class='ocrx_word' id='word_1_61' title='bbox 1641 655 1860 691; x_wconf 85' lang='lat' dir='ltr'>noscere</span> 
     </span>
     <span class='ocr_line' id='line_1_12' title="bbox 252 707 1860 788; baseline 0.001 -28"><span class='ocrx_word' id='word_1_62' title='bbox 252 727 435 761; x_wconf 83' lang='lat' dir='ltr'>causas</span> <span class='ocrx_word' id='word_1_63' title='bbox 483 711 741 761; x_wconf 86' lang='lat' dir='ltr'>adventus</span> <span class='ocrx_word' id='word_1_64' title='bbox 790 708 902 760; x_wconf 89' lang='lat' dir='ltr'>eius</span> <span class='ocrx_word' id='word_1_65' title='bbox 958 708 1256 788; x_wconf 79' lang='lat' dir='ltr'>procedunt</span> <span class='ocrx_word' id='word_1_66' title='bbox 1300 709 1527 760; x_wconf 87' lang='lat' dir='ltr'>obviam.</span> <span class='ocrx_word' id='word_1_67' title='bbox 1615 707 1860 761; x_wconf 83' lang='lat' dir='ltr'>Priamus</span> 
     </span>
     <span class='ocr_line' id='line_1_13' title="bbox 251 778 1861 846; baseline 0.001 -15"><span class='ocrx_word' id='word_1_68' title='bbox 251 779 343 831; x_wconf 92' lang='lat' dir='ltr'>ubi</span> <span class='ocrx_word' id='word_1_69' title='bbox 382 778 449 831; x_wconf 92' lang='lat' dir='ltr'>ad</span> <span class='ocrx_word' id='word_1_70' title='bbox 486 797 540 830; x_wconf 90' lang='lat' dir='ltr'>se</span> <span class='ocrx_word' id='word_1_71' title='bbox 577 778 726 830; x_wconf 86' lang='lat' dir='ltr'>tendi</span> <span class='ocrx_word' id='word_1_72' title='bbox 752 778 913 846; x_wconf 86' lang='lat' dir='ltr'>videt,</span> <span class='ocrx_word' id='word_1_73' title='bbox 951 778 1198 846; x_wconf 90' lang='lat' dir='ltr'>protinus</span> <span class='ocrx_word' id='word_1_74' title='bbox 1235 778 1293 830; x_wconf 91' lang='lat' dir='ltr'>in</span> <span class='ocrx_word' id='word_1_75' title='bbox 1334 797 1393 831; x_wconf 91' lang='lat' dir='ltr'>os</span> <span class='ocrx_word' id='word_1_76' title='bbox 1439 779 1549 831; x_wconf 92' lang='lat' dir='ltr'>ruit</span> <span class='ocrx_word' id='word_1_77' title='bbox 1583 779 1861 846; x_wconf 85' lang='lat' dir='ltr'>pulverem</span> 
     </span>
     <span class='ocr_line' id='line_1_14' title="bbox 189 849 1860 929; baseline 0 -27"><span class='ocrx_word' id='word_1_78' title='bbox 189 872 232 903; x_wconf 76' lang='grc' dir='ltr'>ιο</span> <span class='ocrx_word' id='word_1_79' title='bbox 253 849 563 929; x_wconf 81' lang='lat' dir='ltr'>reliquaque</span> <span class='ocrx_word' id='word_1_80' title='bbox 603 849 754 900; x_wconf 87' lang='lat' dir='ltr'>humi</span> <span class='ocrx_word' id='word_1_81' title='bbox 790 851 1146 918; x_wconf 87' lang='lat' dir='ltr'>purgamenta</span> <span class='ocrx_word' id='word_1_82' title='bbox 1182 850 1344 917; x_wconf 87' lang='lat' dir='ltr'>capiti</span> <span class='ocrx_word' id='word_1_83' title='bbox 1381 865 1697 918; x_wconf 88' lang='lat' dir='ltr'>aspargens:</span> <span class='ocrx_word' id='word_1_84' title='bbox 1737 849 1860 902; x_wconf 90' lang='lat' dir='ltr'>dein</span> 
     </span>
     <span class='ocr_line' id='line_1_15' title="bbox 254 919 1862 988; baseline 0 -16"><span class='ocrx_word' id='word_1_85' title='bbox 254 924 395 988; x_wconf 90' lang='lat' dir='ltr'>orat,</span> <span class='ocrx_word' id='word_1_86' title='bbox 443 920 526 971; x_wconf 90' lang='lat' dir='ltr'>uti</span> <span class='ocrx_word' id='word_1_87' title='bbox 573 920 811 971; x_wconf 90' lang='lat' dir='ltr'>miserati</span> <span class='ocrx_word' id='word_1_88' title='bbox 866 919 1112 972; x_wconf 84' lang='lat' dir='ltr'>fortunas</span> <span class='ocrx_word' id='word_1_89' title='bbox 1163 937 1283 971; x_wconf 90' lang='lat' dir='ltr'>suas</span> <span class='ocrx_word' id='word_1_90' title='bbox 1332 923 1634 988; x_wconf 86' lang='lat' dir='ltr'>precatores</span> <span class='ocrx_word' id='word_1_91' title='bbox 1681 937 1862 972; x_wconf 88' lang='lat' dir='ltr'>secum</span> 
     </span>
     <span class='ocr_line' id='line_1_16' title="bbox 253 990 1862 1058; baseline 0 -17"><span class='ocrx_word' id='word_1_92' title='bbox 253 990 320 1042; x_wconf 93' lang='lat' dir='ltr'>ad</span> <span class='ocrx_word' id='word_1_93' title='bbox 356 990 626 1042; x_wconf 88' lang='lat' dir='ltr'>Achillem</span> <span class='ocrx_word' id='word_1_94' title='bbox 651 990 887 1042; x_wconf 86' lang='lat' dir='ltr'>veniant.</span> <span class='ocrx_word' id='word_1_95' title='bbox 951 990 1063 1042; x_wconf 92' lang='lat' dir='ltr'>eius</span> <span class='ocrx_word' id='word_1_96' title='bbox 1100 993 1329 1042; x_wconf 87' lang='lat' dir='ltr'>aetatem</span> <span class='ocrx_word' id='word_1_97' title='bbox 1366 990 1746 1058; x_wconf 87' lang='lat' dir='ltr'>fortunamque</span> <span class='ocrx_word' id='word_1_98' title='bbox 1783 1007 1862 1042; x_wconf 90' lang='lat' dir='ltr'>re-</span> 
     </span>
     <span class='ocr_line' id='line_1_17' title="bbox 254 1059 1861 1127; baseline 0 -15"><span class='ocrx_word' id='word_1_99' title='bbox 254 1060 500 1113; x_wconf 87' lang='lat' dir='ltr'>cordatus</span> <span class='ocrx_word' id='word_1_100' title='bbox 537 1059 737 1112; x_wconf 87' lang='lat' dir='ltr'>Nestor</span> <span class='ocrx_word' id='word_1_101' title='bbox 774 1059 942 1127; x_wconf 85' lang='grc'>(10101,</span> <span class='ocrx_word' id='word_1_102' title='bbox 991 1062 1179 1112; x_wconf 87' lang='lat' dir='ltr'>contra</span> <span class='ocrx_word' id='word_1_103' title='bbox 1217 1059 1403 1112; x_wconf 84' lang='lat' dir='ltr'>Ulixes</span> <span class='ocrx_word' id='word_1_104' title='bbox 1449 1059 1746 1112; x_wconf 89' lang='lat' dir='ltr'>maledictis</span> <span class='ocrx_word' id='word_1_105' title='bbox 1782 1060 1861 1112; x_wconf 91' lang='lat' dir='ltr'>in-</span> 
     </span>
     <span class='ocr_line' id='line_1_18' title="bbox 253 1130 1860 1200; baseline 0 -17"><span class='ocrx_word' id='word_1_106' title='bbox 253 1132 404 1200; x_wconf 91' lang='lat' dir='ltr'>sequi</span> <span class='ocrx_word' id='word_1_107' title='bbox 443 1134 496 1182; x_wconf 94' lang='grc'>01</span> <span class='ocrx_word' id='word_1_108' title='bbox 533 1148 963 1198; x_wconf 91' lang='lat' dir='ltr'>commemorare,</span> <span class='ocrx_word' id='word_1_109' title='bbox 1004 1147 1138 1198; x_wconf 89' lang='lat' dir='ltr'>quae</span> <span class='ocrx_word' id='word_1_110' title='bbox 1176 1130 1244 1182; x_wconf 90' lang='lat' dir='ltr'>ad</span> <span class='ocrx_word' id='word_1_111' title='bbox 1284 1130 1502 1182; x_wconf 85' lang='lat' dir='ltr'>Troiam</span> <span class='ocrx_word' id='word_1_112' title='bbox 1537 1130 1595 1182; x_wconf 91' lang='lat' dir='ltr'>in</span> <span class='ocrx_word' id='word_1_113' title='bbox 1633 1130 1860 1183; x_wconf 89' lang='lat' dir='ltr'>concilio</span> 
     </span>
     <span class='ocr_line' id='line_1_19' title="bbox 190 1200 1860 1270; baseline -0.001 -16"><span class='ocrx_word' id='word_1_114' title='bbox 190 1223 231 1254; x_wconf 78' lang='lat'>15</span> <span class='ocrx_word' id='word_1_115' title='bbox 254 1206 378 1254; x_wconf 90' lang='lat' dir='ltr'>ante</span> <span class='ocrx_word' id='word_1_116' title='bbox 417 1205 690 1269; x_wconf 87' lang='lat' dir='ltr'>sumptum</span> <span class='ocrx_word' id='word_1_117' title='bbox 716 1201 917 1252; x_wconf 89' lang='lat' dir='ltr'>bellum</span> <span class='ocrx_word' id='word_1_118' title='bbox 954 1200 1068 1268; x_wconf 92' lang='lat' dir='ltr'>ipse</span> <span class='ocrx_word' id='word_1_119' title='bbox 1094 1200 1374 1252; x_wconf 88' lang='lat' dir='ltr'>adversum</span> <span class='ocrx_word' id='word_1_120' title='bbox 1408 1201 1615 1270; x_wconf 85' lang='lat' dir='ltr'>legatos</span> <span class='ocrx_word' id='word_1_121' title='bbox 1639 1200 1860 1253; x_wconf 84' lang='lat' dir='ltr'>dixerat.</span> 
     </span>
     <span class='ocr_line' id='line_1_20' title="bbox 254 1270 1861 1341; baseline -0.001 -16"><span class='ocrx_word' id='word_1_122' title='bbox 254 1291 316 1325; x_wconf 93' lang='lat' dir='ltr'>ea</span> <span class='ocrx_word' id='word_1_123' title='bbox 352 1275 633 1341; x_wconf 87' lang='lat' dir='ltr'>postquam</span> <span class='ocrx_word' id='word_1_124' title='bbox 659 1271 861 1323; x_wconf 87' lang='lat' dir='ltr'>Achilli</span> <span class='ocrx_word' id='word_1_125' title='bbox 898 1271 1148 1323; x_wconf 89' lang='lat' dir='ltr'>nuntiata</span> <span class='ocrx_word' id='word_1_126' title='bbox 1185 1274 1334 1339; x_wconf 92' lang='lat' dir='ltr'>sunt,</span> <span class='ocrx_word' id='word_1_127' title='bbox 1372 1288 1469 1339; x_wconf 88' lang='lat' dir='ltr'>per</span> <span class='ocrx_word' id='word_1_128' title='bbox 1495 1270 1861 1324; x_wconf 87' lang='lat' dir='ltr'>Automedon-</span> 
     </span>
     <span class='ocr_line' id='line_1_21' title="bbox 252 1341 1862 1411; baseline -0.001 -16"><span class='ocrx_word' id='word_1_129' title='bbox 252 1346 363 1395; x_wconf 89' lang='lat' dir='ltr'>tem</span> <span class='ocrx_word' id='word_1_130' title='bbox 401 1361 521 1394; x_wconf 90' lang='lat' dir='ltr'>eum</span> <span class='ocrx_word' id='word_1_131' title='bbox 559 1342 755 1394; x_wconf 87' lang='lat' dir='ltr'>accersi</span> <span class='ocrx_word' id='word_1_132' title='bbox 793 1342 965 1409; x_wconf 90' lang='lat' dir='ltr'>iubet,</span> <span class='ocrx_word' id='word_1_133' title='bbox 1004 1341 1118 1409; x_wconf 90' lang='lat' dir='ltr'>ipse</span> <span class='ocrx_word' id='word_1_134' title='bbox 1155 1341 1392 1393; x_wconf 87' lang='lat' dir='ltr'>retinens</span> <span class='ocrx_word' id='word_1_135' title='bbox 1426 1342 1631 1411; x_wconf 86' lang='lat' dir='ltr'>gremio</span> <span class='ocrx_word' id='word_1_136' title='bbox 1670 1358 1862 1394; x_wconf 89' lang='lat' dir='ltr'>urnam</span> 
     </span>
    </p>

    <p class='ocr_par' dir='ltr' id='par_1_7' title="bbox 254 1412 1862 1551">
     <span class='ocr_line' id='line_1_22' title="bbox 254 1412 907 1466; baseline -0.005 0"><span class='ocrx_word' id='word_1_137' title='bbox 254 1431 375 1466; x_wconf 90' lang='lat' dir='ltr'>cum</span> <span class='ocrx_word' id='word_1_138' title='bbox 413 1412 646 1464; x_wconf 90' lang='lat' dir='ltr'>Patrocli</span> <span class='ocrx_word' id='word_1_139' title='bbox 686 1412 907 1464; x_wconf 73' lang='lat' dir='ltr'>ossibus</span> 
     </span>
     <span class='ocr_line' id='line_1_23' title="bbox 396 1481 1862 1551; baseline -0.001 -17"><span class='ocrx_word' id='word_1_140' title='bbox 396 1482 541 1535; x_wconf 87' lang='lat' dir='ltr'>XXI.</span> <span class='ocrx_word' id='word_1_141' title='bbox 633 1482 807 1551; x_wconf 84' lang='lat' dir='ltr'>Igitur</span> <span class='ocrx_word' id='word_1_142' title='bbox 877 1482 1132 1551; x_wconf 85' lang='lat' dir='ltr'>ingressis</span> <span class='ocrx_word' id='word_1_143' title='bbox 1195 1481 1414 1533; x_wconf 91' lang='lat' dir='ltr'>ducibus</span> <span class='ocrx_word' id='word_1_144' title='bbox 1474 1481 1672 1533; x_wconf 85' lang='lat' dir='ltr'>nostris</span> <span class='ocrx_word' id='word_1_145' title='bbox 1741 1499 1862 1534; x_wconf 89' lang='lat' dir='ltr'>cum</span> 
     </span>
    </p>
   </div>
   <div class='ocr_carea' id='block_1_7' title="bbox 190 1551 1956 1622">
    <p class='ocr_par' dir='ltr' id='par_1_8' title="bbox 190 1551 1956 1622">
     <span class='ocr_line' id='line_1_24' title="bbox 190 1551 1956 1622; baseline -0.001 -17"><span class='ocrx_word' id='word_1_146' title='bbox 190 1574 233 1605; x_wconf 79' lang='lat'>20</span> <span class='ocrx_word' id='word_1_147' title='bbox 255 1554 469 1606; x_wconf 90' lang='lat' dir='ltr'>Priamo</span> <span class='ocrx_word' id='word_1_148' title='bbox 517 1570 610 1604; x_wconf 86' lang='lat' dir='ltr'>rex</span> <span class='ocrx_word' id='word_1_149' title='bbox 646 1570 824 1622; x_wconf 84' lang='lat' dir='ltr'>genua</span> <span class='ocrx_word' id='word_1_150' title='bbox 848 1551 1051 1604; x_wconf 88' lang='lat' dir='ltr'>Achilli</span> <span class='ocrx_word' id='word_1_151' title='bbox 1088 1552 1334 1604; x_wconf 89' lang='lat' dir='ltr'>manibus</span> <span class='ocrx_word' id='word_1_152' title='bbox 1371 1551 1678 1620; x_wconf 87' lang='lat' dir='ltr'>complexus</span> <span class='ocrx_word' id='word_1_153' title='bbox 1714 1570 1867 1619; x_wconf 86' lang='lat' dir='ltr'>„non</span> <span class='ocrx_word' id='word_1_154' title='bbox 1948 1573 1956 1594; x_wconf 86' lang='lat'>.-</span> 
     </span>
    </p>
   </div>
   <div class='ocr_carea' id='block_1_8' title="bbox 254 1621 1864 1773">
    <p class='ocr_par' dir='ltr' id='par_1_9' title="bbox 254 1621 1864 1763">
     <span class='ocr_line' id='line_1_25' title="bbox 254 1621 1864 1691; baseline -0.002 -15"><span class='ocrx_word' id='word_1_155' title='bbox 254 1628 315 1676; x_wconf 89' lang='lat' dir='ltr'>tu</span> <span class='ocrx_word' id='word_1_156' title='bbox 340 1624 510 1676; x_wconf 77' lang='lat' dir='ltr'>mihi“</span> <span class='ocrx_word' id='word_1_157' title='bbox 534 1623 712 1691; x_wconf 90' lang='lat' dir='ltr'>inquit</span> <span class='ocrx_word' id='word_1_158' title='bbox 748 1640 944 1691; x_wconf 89' lang='lat' dir='ltr'>„causa</span> <span class='ocrx_word' id='word_1_159' title='bbox 968 1622 1187 1674; x_wconf 90' lang='lat' dir='ltr'>huiusce</span> <span class='ocrx_word' id='word_1_160' title='bbox 1223 1622 1488 1690; x_wconf 76' lang='lat' dir='ltr'>fortunae,</span> <span class='ocrx_word' id='word_1_161' title='bbox 1527 1621 1619 1673; x_wconf 90' lang='lat' dir='ltr'>sed</span> <span class='ocrx_word' id='word_1_162' title='bbox 1643 1621 1864 1674; x_wconf 88' lang='lat' dir='ltr'>deorum</span> 
     </span>
     <span class='ocr_line' id='line_1_26' title="bbox 256 1693 1864 1773; baseline -0.001 -27"><span class='ocrx_word' id='word_1_163' title='bbox 256 1695 546 1763; x_wconf 85' lang='lat' dir='ltr'>quispiam,</span> <span class='ocrx_word' id='word_1_164' title='bbox 595 1694 687 1762; x_wconf 90' lang='lat' dir='ltr'>qui</span> <span class='ocrx_word' id='word_1_165' title='bbox 719 1696 1048 1773; x_wconf 86' lang='lat' dir='ltr'>postremam</span> <span class='ocrx_word' id='word_1_166' title='bbox 1097 1695 1326 1745; x_wconf 90' lang='lat' dir='ltr'>aetatem</span> <span class='ocrx_word' id='word_1_167' title='bbox 1362 1710 1560 1760; x_wconf 90' lang='lat' dir='ltr'>meam,</span> <span class='ocrx_word' id='word_1_168' title='bbox 1610 1710 1731 1744; x_wconf 91' lang='lat' dir='ltr'>cum</span> <span class='ocrx_word' id='word_1_169' title='bbox 1766 1693 1864 1745; x_wconf 88' lang='grc'>1111-</span> 
     </span>
    </p>
   </div>
   <div class='ocr_carea' id='block_1_9' title="bbox 257 1755 1956 1831">
    <p class='ocr_par' dir='ltr' id='par_1_10' title="bbox 257 1755 1956 1831">
     <span class='ocr_line' id='line_1_27' title="bbox 257 1755 1956 1831; baseline -0.001 -14"><span class='ocrx_word' id='word_1_170' title='bbox 257 1765 419 1817; x_wconf 88' lang='lat' dir='ltr'>sereri</span> <span class='ocrx_word' id='word_1_171' title='bbox 446 1764 675 1831; x_wconf 79' lang='lat' dir='ltr'>deberet,</span> <span class='ocrx_word' id='word_1_172' title='bbox 714 1764 772 1815; x_wconf 92' lang='lat' dir='ltr'>in</span> <span class='ocrx_word' id='word_1_173' title='bbox 797 1763 954 1815; x_wconf 90' lang='lat' dir='ltr'>hasce</span> <span class='ocrx_word' id='word_1_174' title='bbox 995 1780 1274 1815; x_wconf 90' lang='lat' dir='ltr'>aerumnas</span> <span class='ocrx_word' id='word_1_175' title='bbox 1309 1761 1527 1814; x_wconf 86' lang='lat' dir='ltr'>deduxit</span> <span class='ocrx_word' id='word_1_176' title='bbox 1564 1762 1863 1815; x_wconf 82' lang='lat' dir='ltr'>confectam</span> <span class='ocrx_word' id='word_1_177' title='bbox 1943 1755 1956 1795; x_wconf 50' lang='grc' dir='ltr'>ἒ</span> 
     </span>
    </p>
   </div>
   <div class='ocr_carea' id='block_1_10' title="bbox 191 1832 1956 2534">
    <p class='ocr_par' dir='ltr' id='par_1_11' title="bbox 191 1832 1956 2534">
     <span class='ocr_line' id='line_1_28' title="bbox 257 1832 1862 1903; baseline -0.001 -16"><span class='ocrx_word' id='word_1_178' title='bbox 257 1837 364 1887; x_wconf 92' lang='lat' dir='ltr'>iam</span> <span class='ocrx_word' id='word_1_179' title='bbox 402 1852 461 1887; x_wconf 90' lang='lat' dir='ltr'>ac</span> <span class='ocrx_word' id='word_1_180' title='bbox 500 1833 845 1903; x_wconf 80' lang='lat' dir='ltr'>defetigatam</span> <span class='ocrx_word' id='word_1_181' title='bbox 880 1834 1046 1885; x_wconf 88' lang='lat' dir='ltr'>tantis</span> <span class='ocrx_word' id='word_1_182' title='bbox 1082 1833 1313 1885; x_wconf 89' lang='lat' dir='ltr'>luctibus</span> <span class='ocrx_word' id='word_1_183' title='bbox 1349 1832 1599 1884; x_wconf 90' lang='lat' dir='ltr'>filiorum.</span> <span class='ocrx_word' id='word_1_184' title='bbox 1664 1833 1862 1901; x_wconf 90' lang='lat' dir='ltr'>quippe</span> 
     </span>
     <span class='ocr_line' id='line_1_29' title="bbox 191 1903 1863 1984; baseline 0 -30"><span class='ocrx_word' id='word_1_185' title='bbox 191 1922 235 1955; x_wconf 84' lang='lat'>25</span> <span class='ocrx_word' id='word_1_186' title='bbox 255 1906 314 1957; x_wconf 92' lang='lat' dir='ltr'>hi</span> <span class='ocrx_word' id='word_1_187' title='bbox 360 1905 444 1957; x_wconf 88' lang='lat' dir='ltr'>fisi</span> <span class='ocrx_word' id='word_1_188' title='bbox 481 1922 647 1984; x_wconf 79' lang='lat' dir='ltr'>regno</span> <span class='ocrx_word' id='word_1_189' title='bbox 695 1922 791 1972; x_wconf 89' lang='lat' dir='ltr'>per</span> <span class='ocrx_word' id='word_1_190' title='bbox 837 1905 1195 1971; x_wconf 86' lang='lat' dir='ltr'>iuventutem,</span> <span class='ocrx_word' id='word_1_191' title='bbox 1244 1921 1364 1955; x_wconf 90' lang='lat' dir='ltr'>cum</span> <span class='ocrx_word' id='word_1_192' title='bbox 1411 1920 1619 1970; x_wconf 88' lang='lat' dir='ltr'>semper</span> <span class='ocrx_word' id='word_1_193' title='bbox 1662 1903 1863 1971; x_wconf 90' lang='lat' dir='ltr'>cupidi-</span> 
     </span>
     <span class='ocr_line' id='line_1_30' title="bbox 256 1973 1862 2053; baseline -0.002 -25"><span class='ocrx_word' id='word_1_194' title='bbox 256 1979 393 2028; x_wconf 83' lang='lat' dir='ltr'>tates</span> <span class='ocrx_word' id='word_1_195' title='bbox 442 1975 608 2027; x_wconf 90' lang='lat' dir='ltr'>animi</span> <span class='ocrx_word' id='word_1_196' title='bbox 656 1992 882 2053; x_wconf 81' lang='lat' dir='ltr'>quoquo</span> <span class='ocrx_word' id='word_1_197' title='bbox 918 1973 1077 2026; x_wconf 92' lang='lat' dir='ltr'>modo</span> <span class='ocrx_word' id='word_1_198' title='bbox 1137 1973 1346 2041; x_wconf 86' lang='lat' dir='ltr'>explere</span> <span class='ocrx_word' id='word_1_199' title='bbox 1399 1974 1662 2041; x_wconf 84' lang='lat' dir='ltr'>gestiunt,</span> <span class='ocrx_word' id='word_1_200' title='bbox 1719 1973 1862 2025; x_wconf 81' lang='lat' dir='ltr'>ultro</span> 
     </span>
     <span class='ocr_line' id='line_1_31' title="bbox 257 2042 1863 2113; baseline -0.001 -16"><span class='ocrx_word' id='word_1_201' title='bbox 257 2046 359 2098; x_wconf 91' lang='lat' dir='ltr'>sibi</span> <span class='ocrx_word' id='word_1_202' title='bbox 397 2045 635 2113; x_wconf 89' lang='lat' dir='ltr'>mihique</span> <span class='ocrx_word' id='word_1_203' title='bbox 681 2044 972 2113; x_wconf 89' lang='lat' dir='ltr'>perniciem</span> <span class='ocrx_word' id='word_1_204' title='bbox 1009 2043 1300 2096; x_wconf 84' lang='lat' dir='ltr'>machinati</span> <span class='ocrx_word' id='word_1_205' title='bbox 1347 2046 1486 2095; x_wconf 90' lang='lat' dir='ltr'>sunt</span> <span class='ocrx_word' id='word_1_206' title='bbox 1559 2060 1734 2111; x_wconf 89' lang='lat' dir='ltr'>neque</span> <span class='ocrx_word' id='word_1_207' title='bbox 1771 2042 1863 2097; x_wconf 86' lang='lat' dir='ltr'>du-</span> 
     </span>
     <span class='ocr_line' id='line_1_32' title="bbox 244 2112 1863 2183; baseline -0.001 -15.993"><span class='ocrx_word' id='word_1_208' title='bbox 244 2116 406 2170; x_wconf 91' lang='lat' dir='ltr'>bium</span> <span class='ocrx_word' id='word_1_209' title='bbox 453 2115 725 2183; x_wconf 89' lang='lat' dir='ltr'>cuiquam,</span> <span class='ocrx_word' id='word_1_210' title='bbox 785 2133 915 2182; x_wconf 91' lang='lat' dir='ltr'>qum</span> <span class='ocrx_word' id='word_1_211' title='bbox 975 2114 1305 2182; x_wconf 86' lang='lat' dir='ltr'>contemptui</span> <span class='ocrx_word' id='word_1_212' title='bbox 1361 2114 1430 2165; x_wconf 87' lang='lat' dir='ltr'>sit</span> <span class='ocrx_word' id='word_1_213' title='bbox 1475 2112 1863 2166; x_wconf 89' lang='lat' dir='ltr'>adulescentiae</span> 
     </span>
     <span class='ocr_line' id='line_1_33' title="bbox 258 2183 1861 2252; baseline -0.003 -14"><span class='ocrx_word' id='word_1_214' title='bbox 258 2188 473 2238; x_wconf 89' lang='lat' dir='ltr'>senecta</span> <span class='ocrx_word' id='word_1_215' title='bbox 519 2188 679 2236; x_wconf 75' lang='lat' dir='ltr'>aetas,</span> <span class='ocrx_word' id='word_1_216' title='bbox 754 2185 898 2252; x_wconf 91' lang='lat' dir='ltr'>quod</span> <span class='ocrx_word' id='word_1_217' title='bbox 943 2185 986 2236; x_wconf 89' lang='lat' dir='ltr'>si</span> <span class='ocrx_word' id='word_1_218' title='bbox 1034 2185 1254 2236; x_wconf 87' lang='lat' dir='ltr'>interitu</span> <span class='ocrx_word' id='word_1_219' title='bbox 1292 2201 1409 2235; x_wconf 92' lang='lat' dir='ltr'>meo</span> <span class='ocrx_word' id='word_1_220' title='bbox 1448 2183 1642 2251; x_wconf 91' lang='lat' dir='ltr'>reliqui</span> <span class='ocrx_word' id='word_1_221' title='bbox 1679 2183 1861 2235; x_wconf 89' lang='lat' dir='ltr'>huius-</span> 
     </span>
     <span class='ocr_line' id='line_1_34' title="bbox 195 2252 1956 2323; baseline 0.001 -20"><span class='ocrx_word' id='word_1_222' title='bbox 195 2271 238 2303; x_wconf 87' lang='lat'>30</span> <span class='ocrx_word' id='word_1_223' title='bbox 259 2255 405 2309; x_wconf 89' lang='lat' dir='ltr'>modi</span> <span class='ocrx_word' id='word_1_224' title='bbox 441 2255 769 2307; x_wconf 86' lang='lat' dir='ltr'>facinoribus</span> <span class='ocrx_word' id='word_1_225' title='bbox 803 2255 1202 2323; x_wconf 87' lang='lat' dir='ltr'>temperabunt,</span> <span class='ocrx_word' id='word_1_226' title='bbox 1241 2272 1325 2305; x_wconf 90' lang='lat' dir='ltr'>me</span> <span class='ocrx_word' id='word_1_227' title='bbox 1365 2271 1600 2322; x_wconf 91' lang='lat' dir='ltr'>quoque,</span> <span class='ocrx_word' id='word_1_228' title='bbox 1640 2254 1686 2305; x_wconf 89' lang='lat' dir='ltr'>si</span> <span class='ocrx_word' id='word_1_229' title='bbox 1721 2252 1863 2305; x_wconf 80' lang='lat' dir='ltr'>vide·</span> <span class='ocrx_word' id='word_1_230' title='bbox 1953 2300 1956 2302; x_wconf 89' lang='grc'>.</span> 
     </span>
     <span class='ocr_line' id='line_1_35' title="bbox 256 2322 1946 2394; baseline -0.002 -16"><span class='ocrx_word' id='word_1_231' title='bbox 256 2329 370 2394; x_wconf 85' lang='grc'>1111,</span> <span class='ocrx_word' id='word_1_232' title='bbox 410 2326 632 2378; x_wconf 85' lang='lat' dir='ltr'>exhibeo</span> <span class='ocrx_word' id='word_1_233' title='bbox 671 2342 876 2393; x_wconf 90' lang='lat' dir='ltr'>poenae</span> <span class='ocrx_word' id='word_1_234' title='bbox 914 2325 1117 2391; x_wconf 79' lang='lat' dir='ltr'>mortiS,</span> <span class='ocrx_word' id='word_1_235' title='bbox 1158 2324 1244 2376; x_wconf 93' lang='lat' dir='ltr'>cui</span> <span class='ocrx_word' id='word_1_236' title='bbox 1279 2324 1472 2375; x_wconf 90' lang='lat' dir='ltr'>misero</span> <span class='ocrx_word' id='word_1_237' title='bbox 1512 2322 1863 2392; x_wconf 88' lang='lat' dir='ltr'>confectoque</span> <span class='ocrx_word' id='word_1_238' title='bbox 1944 2341 1946 2343; x_wconf 62' lang='grc'><strong><em>’</em></strong></span> 
     </span>
     <span class='ocr_line' id='line_1_36' title="bbox 258 2392 1862 2462; baseline -0.002 -14"><span class='ocrx_word' id='word_1_239' title='bbox 258 2397 588 2448; x_wconf 86' lang='lat' dir='ltr'>maeroribus</span> <span class='ocrx_word' id='word_1_240' title='bbox 627 2413 810 2447; x_wconf 90' lang='lat' dir='ltr'>omnes</span> <span class='ocrx_word' id='word_1_241' title='bbox 849 2412 1145 2462; x_wconf 75' lang='lat' dir='ltr'>aerumnaS,</span> <span class='ocrx_word' id='word_1_242' title='bbox 1185 2394 1378 2462; x_wconf 91' lang='lat' dir='ltr'>quibus</span> <span class='ocrx_word' id='word_1_243' title='bbox 1414 2411 1557 2446; x_wconf 91' lang='lat' dir='ltr'>nunc</span> <span class='ocrx_word' id='word_1_244' title='bbox 1583 2392 1862 2460; x_wconf 86' lang='lat' dir='ltr'>depressus</span> 
     </span>
     <span class='ocr_line' id='line_1_37' title="bbox 259 2463 1863 2534; baseline -0.003 -15"><span class='ocrx_word' id='word_1_245' title='bbox 259 2467 686 2519; x_wconf 88' lang='lat' dir='ltr'>infelicissimum</span> <span class='ocrx_word' id='word_1_246' title='bbox 724 2465 1083 2534; x_wconf 87' lang='lat' dir='ltr'>spectaculum</span> <span class='ocrx_word' id='word_1_247' title='bbox 1112 2464 1422 2516; x_wconf 86' lang='lat' dir='ltr'>mortalibus</span> <span class='ocrx_word' id='word_1_248' title='bbox 1458 2463 1714 2531; x_wconf 84' lang='lat' dir='ltr'>praebeO,</span> <span class='ocrx_word' id='word_1_249' title='bbox 1742 2480 1863 2514; x_wconf 90' lang='lat' dir='ltr'>cum</span> 
     </span>
    </p>
   </div>
   <div class='ocr_carea' id='block_1_11' title="bbox 258 2703 1907 2916">
    <p class='ocr_par' dir='ltr' id='par_1_12' title="bbox 258 2703 1907 2916">
     <span class='ocr_line' id='line_1_38' title="bbox 373 2703 1907 2759; baseline -0.003 -12"><span class='ocrx_word' id='word_1_250' title='bbox 373 2709 397 2747; x_wconf 88' lang='lat'><strong>3</strong></span> <span class='ocrx_word' id='word_1_251' title='bbox 429 2703 619 2746; x_wconf 66' lang='lat' dir='ltr'>humeris</span> <span class='ocrx_word' id='word_1_252' title='bbox 654 2707 688 2746; x_wconf 81' lang='lat' dir='ltr'><em>G</em></span> <span class='ocrx_word' id='word_1_253' title='bbox 713 2706 722 2759; x_wconf 79' lang='lat' dir='ltr'>l</span> <span class='ocrx_word' id='word_1_254' title='bbox 748 2705 1058 2758; x_wconf 85' lang='lat' dir='ltr'>sequebantur</span> <span class='ocrx_word' id='word_1_255' title='bbox 1078 2717 1153 2745; x_wconf 91' lang='lat' dir='ltr'>om.</span> <span class='ocrx_word' id='word_1_256' title='bbox 1180 2703 1257 2744; x_wconf 84' lang='lat' dir='ltr'>GB</span> <span class='ocrx_word' id='word_1_257' title='bbox 1293 2703 1472 2743; x_wconf 86' lang='lat' dir='ltr'>Deinde</span> <span class='ocrx_word' id='word_1_258' title='bbox 1497 2703 1806 2756; x_wconf 84' lang='lat' dir='ltr'>sequebantur</span> <span class='ocrx_word' id='word_1_259' title='bbox 1826 2703 1866 2743; x_wconf 87' lang='lat' dir='ltr'>P</span> <span class='ocrx_word' id='word_1_260' title='bbox 1902 2719 1907 2730; x_wconf 50' lang='lat' dir='ltr'><strong><em>s</em></strong></span> 
     </span>
     <span class='ocr_line' id='line_1_39' title="bbox 258 2757 1862 2804; baseline -0.002 -2"><span class='ocrx_word' id='word_1_261' title='bbox 258 2764 286 2802; x_wconf 88' lang='grc'>4</span> <span class='ocrx_word' id='word_1_262' title='bbox 316 2766 471 2803; x_wconf 88' lang='lat' dir='ltr'>uestes</span> <span class='ocrx_word' id='word_1_263' title='bbox 513 2761 595 2804; x_wconf 87' lang='lat' dir='ltr'>GB</span> <span class='ocrx_word' id='word_1_264' title='bbox 653 2763 797 2802; x_wconf 86' lang='lat' dir='ltr'>uestis</span> <span class='ocrx_word' id='word_1_265' title='bbox 840 2763 882 2802; x_wconf 89' lang='lat' dir='ltr'>P</span> <span class='ocrx_word' id='word_1_266' title='bbox 1027 2762 1053 2801; x_wconf 91' lang='lat'>8</span> <span class='ocrx_word' id='word_1_267' title='bbox 1100 2772 1285 2800; x_wconf 85' lang='lat' dir='ltr'>causam</span> <span class='ocrx_word' id='word_1_268' title='bbox 1324 2760 1365 2799; x_wconf 93' lang='lat' dir='ltr'>P</span> <span class='ocrx_word' id='word_1_269' title='bbox 1507 2762 1558 2800; x_wconf 86' lang='lat'>13</span> <span class='ocrx_word' id='word_1_270' title='bbox 1604 2759 1736 2800; x_wconf 87' lang='lat' dir='ltr'>docet</span> <span class='ocrx_word' id='word_1_271' title='bbox 1783 2757 1862 2799; x_wconf 73' lang='lat' dir='ltr'>GR</span> 
     </span>
     <span class='ocr_line' id='line_1_40' title="bbox 261 2812 1863 2870; baseline -0.002 -13"><span class='ocrx_word' id='word_1_272' title='bbox 261 2818 386 2859; x_wconf 83' lang='lat' dir='ltr'>dolet</span> <span class='ocrx_word' id='word_1_273' title='bbox 415 2816 485 2870; x_wconf 82' lang='grc' dir='ltr'>ΡΙ</span> <span class='ocrx_word' id='word_1_274' title='bbox 520 2819 700 2870; x_wconf 88' lang='lat' dir='ltr'>insequi</span> <span class='ocrx_word' id='word_1_275' title='bbox 740 2822 786 2858; x_wconf 87' lang='lat' dir='ltr'>et</span> <span class='ocrx_word' id='word_1_276' title='bbox 816 2819 935 2859; x_wconf 83' lang='lat' dir='ltr'>editt.</span> <span class='ocrx_word' id='word_1_277' title='bbox 971 2823 1068 2859; x_wconf 82' lang='lat' dir='ltr'>vett.</span> <span class='ocrx_word' id='word_1_278' title='bbox 1132 2816 1359 2868; x_wconf 87' lang='lat' dir='ltr'>sinequiet</span> <span class='ocrx_word' id='word_1_279' title='bbox 1392 2816 1427 2856; x_wconf 77' lang='lat' dir='ltr'><em>G</em></span> <span class='ocrx_word' id='word_1_280' title='bbox 1492 2816 1590 2857; x_wconf 88' lang='lat' dir='ltr'>sine</span> <span class='ocrx_word' id='word_1_281' title='bbox 1629 2815 1783 2868; x_wconf 86' lang='lat' dir='ltr'>quiete</span> <span class='ocrx_word' id='word_1_282' title='bbox 1820 2812 1863 2852; x_wconf 89' lang='lat' dir='ltr'><em>B</em></span> 
     </span>
     <span class='ocr_line' id='line_1_41' title="bbox 261 2874 909 2916; baseline -0.002 -2"><span class='ocrx_word' id='word_1_283' title='bbox 261 2875 315 2914; x_wconf 85' lang='lat'>30</span> <span class='ocrx_word' id='word_1_284' title='bbox 345 2874 581 2914; x_wconf 81' lang='lat' dir='ltr'>uideretur</span> <span class='ocrx_word' id='word_1_285' title='bbox 613 2874 691 2916; x_wconf 69' lang='grc' dir='ltr'>ΕΒ</span> <span class='ocrx_word' id='word_1_286' title='bbox 724 2887 838 2916; x_wconf 79' lang='lat' dir='ltr'>corr.</span> <span class='ocrx_word' id='word_1_287' title='bbox 869 2874 909 2913; x_wconf 89' lang='lat' dir='ltr'>P</span> 
     </span>
    </p>
   </div>
  </div>
 </body>
</html>
