1956 3178
271 689 425 752 Quod
462 688 699 756 pretium
738 686 890 739 libris
930 705 1094 738 manu
1121 686 1344 754 scriptis
1369 684 1584 737 Daretis
1615 684 1783 756 Phry-

123 763 198 833 gii
241 762 584 815 tribuendum
635 764 776 814 esset
815 779 935 813 cum
975 763 1106 812 ante
1163 759 1265 812 hoc
1307 760 1585 812 biennium
1625 779 1783 829 quae-

121 854 293 889 rerem
308 835 370 906 ¹),
417 854 527 888 non
576 835 814 888 dubitavi
862 834 1032 887 codici
1079 833 1482 903 Bambergensi
1537 835 1781 903 quamvis

121 911 304 963 multis
358 909 634 979 foedisque
679 909 825 961 vitiis
876 909 1163 977 inquinato
1216 909 1454 976 palmam
1502 908 1784 961 decernere

121 1002 346 1055 eumque
368 984 426 1036 in
448 987 598 1036 textu
632 1002 790 1052 quem
830 983 1015 1035 dicunt
1058 982 1436 1035 constituendo
1463 982 1626 1052 sequi.
1679 981 1784 1035 Sed

119 1058 280 1127 paulo
319 1061 463 1127 post,
518 1058 573 1109 id
620 1057 763 1127 quod
811 1060 928 1108 tum
977 1074 1045 1108 ne
1099 1074 1314 1124 sperare
1364 1057 1578 1126 quidem
1618 1074 1783 1110 ausus
1875 1082 1878 1086 ·
1952 1091 1956 1094 -

121 1150 290 1200 eram,
348 1132 595 1201 contigit,
645 1134 706 1183 ut
756 1131 862 1183 alia
911 1130 1185 1198 praesidia
1240 1130 1430 1183 critica
1485 1131 1780 1199 acciperem

121 1224 256 1276 quae
295 1206 475 1258 nescio
517 1224 587 1257 an
626 1205 789 1258 etiam
827 1205 995 1274 pluris
1036 1204 1371 1257 aestimanda
1411 1205 1534 1257 sint.

269 1279 488 1332 Etenim
526 1280 658 1332 haec
695 1280 828 1332 mihi
866 1280 974 1340 iam
1013 1281 1130 1331 tum
1168 1281 1382 1347 praesto
1423 1282 1598 1331 erant:

268 1354 334 1406 F.
383 1353 726 1406 Florentinus
772 1353 928 1406 Laur.
978 1352 1168 1405 LXVI.
1215 1354 1288 1405 40
1339 1353 1374 1405 f.
1415 1351 1481 1405 6¹³
1526 1351 1670 1405 Saec.
1706 1353 1773 1406 X.

118 1428 316 1497 partim
355 1446 388 1480 a
427 1428 632 1498 collega
671 1428 979 1480 doctissimo
1013 1426 1275 1480 Riccardo
1309 1427 1615 1495 FoersterO,
1657 1445 1779 1481 cum

120 1502 422 1554 litterarum
469 1520 630 1554 causa
668 1502 725 1554 in
763 1502 924 1554 Italia
961 1505 1290 1570 versaretur,
1347 1502 1547 1570 partim
1595 1521 1627 1554 a
1649 1503 1764 1555 viro

17 1598 19 1602 ³
119 1575 508 1628 humanissimo
548 1575 817 1628 Ludovico
857 1575 1047 1642 Jeepio
1088 1576 1337 1628 collatus:
1385 1576 1442 1627 in
1482 1593 1544 1628 eo
1584 1576 1780 1629 desunt

118 1649 271 1702 haec:
310 1669 360 1718 p.
393 1651 441 1718 9,
478 1651 542 1701 11
585 1650 678 1702 ubi
701 1650 779 1702 ita
811 1650 1134 1702 audisset—
1146 1650 1455 1702 nuntiatum
1480 1653 1565 1702 est
1585 1649 1777 1718 Pylum

118 1741 168 1792 p.
211 1724 294 1789 13,
334 1725 383 1776 5.
425 1724 653 1792 scriptus
694 1726 776 1776 est
815 1743 847 1775 a
884 1723 1136 1776 Johanne
1178 1722 1535 1776 Subdiacono,

268 1796 318 1850 G
362 1796 728 1867 Sangallensis
778 1798 1134 1850 bibliothecae
1193 1798 1509 1851 monasterii
1559 1817 1610 1851 n.
1666 1800 1769 1852 197

119 1869 265 1996 lSiaec.
289 1870 339 1923 X
375 1890 531 1941 quem
571 1872 784 1941 egregie
825 1872 956 1924 mihi
988 1873 1217 1925 contulit
1239 1870 1524 1924 Eduardus
1557 1872 1772 1925 Woelff-

158 1963 277 1998 nus.

266 2019 331 2071 H
371 2018 661 2071 Bernensis
701 2039 752 2072 n.
792 2020 899 2071 427
944 2019 1088 2072 Saec.
1128 2018 1179 2071 X
1224 2019 1586 2072 intercedente
1632 2019 1767 2073 Her-

118 2110 318 2145 manno
357 2091 585 2162 Hageno
627 2094 855 2146 collatus
897 2094 964 2146 ab
1004 2093 1205 2146 Emilio
1245 2092 1459 2146 KurziO.

267 2165 549 2218 Praeterea
587 2170 766 2219 autem
804 2168 918 2236 ipse
959 2168 1290 2220 contuleram
1328 2167 1427 2220 hos
1467 2168 1655 2221 libros:

267 2240 321 2291 A
360 2238 609 2292 Codicem
655 2241 1011 2294 bibliothecae
1057 2241 1425 2294 universitatis
1463 2242 1770 2295 litterarum

118 2311 559 2366 Vratislaviensis
599 2314 678 2366 IV
717 2314 759 2366 F
800 2315 870 2368 33
912 2333 1043 2368 saec.
1084 2315 1217 2367 XIII

267 2387 322 2439 B
361 2386 814 2458 Bambergensem
852 2388 900 2441 E
940 2388 1021 2441 HI
1059 2390 1131 2442 22
1173 2407 1306 2442 saec.
1345 2389 1396 2441 X

269 2460 312 2514 O
353 2460 830 2530 Guelferbytanum
868 2463 1009 2534 Ang.
1050 2464 1120 2516 36
1166 2464 1231 2516 19
1272 2463 1362 2515 fol.
1403 2482 1536 2516 saec.
1576 2463 1680 2517 XV

264 2534 318 2587 R
377 2534 812 2605 Rhedigeranum
889 2537 1247 2590 bibliothecae
1324 2536 1765 2592 Vratislaviensis

5 2666 11 2673 ‚
117 2608 415 2676 oppidanae
455 2607 561 2663 Ser.
601 2610 626 2661 I
670 2611 698 2662 7
738 2629 791 2663 n.
832 2612 865 2663 2
907 2629 1041 2664 saec.
1080 2610 1215 2663 XIII

241 2798 272 2855 ¹)
298 2797 564 2843 Ferdinand
580 2800 785 2857 Meister,
809 2801 926 2846 fiber
942 2802 1089 2846 Dares
1120 2814 1212 2845 von
1237 2800 1474 2859 Phrygien
1500 2800 1556 2845 de
1582 2801 1763 2846 excidio

6 2861 16 2924 J
114 2856 508 2961 ffiroigelssreslau
543 2864 653 2904 1871
684 2859 955 2919 Programm
988 2861 1068 2904 des
1094 2859 1422 2916 Gymnasiums
1447 2875 1504 2903 zu
1529 2859 1594 2905 St.
1611 2861 1763 2905 Maria

5 2957 7 2961 .
166 2929 227 2973 ag
262 2929 290 2960 3
310 2930 398 2960 ena
