1956 3178
30 24 35 27 „
162 0 310 27 w·

705 94 1124 142 PRAEFATIO.
1582 112 1744 151 XXVII

91 220 192 272 bus
229 219 462 288 plurima
499 220 802 286 narrantur,
842 218 991 270 deest
1030 217 1318 286 descriptio
1358 215 1615 269 Merionis
1656 217 1739 268 vel

6 305 12 327 ⁴
85 293 264 363 potius
305 293 447 363 quod
486 292 864 345 animadvertit
885 291 1215 346 Frommann
1230 290 1271 362 1)
1313 309 1375 344 ea
1399 309 1561 360 quam
1587 289 1742 342 affert

0 379 6 406 ὲ
87 365 258 421 Dares
298 366 372 437 (p.
416 368 498 435 17,
537 367 595 435 5)
641 365 927 419 Machaoni
974 367 1101 419 data
1147 369 1229 419 est
1279 365 1350 434 (v.
1390 361 1575 434 5245),
1614 366 1741 432 post

4 478 6 480 ψ
87 440 353 494 Helenam
393 441 765 493 describuntur
804 438 995 494 Graeci
1033 440 1104 509 (V.
1145 439 1314 508 5121)
1361 438 1740 509 Agamemnon

85 513 362 569 Menelaus
379 515 617 568 Achilles
644 514 850 583 reliqui,
875 515 979 567 alio
1000 514 1183 568 ordine
1225 516 1383 583 atque
1408 512 1551 581 apud
1574 510 1739 565 Dare-

85 591 211 641 tem.
263 588 455 642 Merito
479 591 640 657 poeta
664 606 822 658 quem
848 588 1070 641 offendit
1094 588 1236 658 quod
1260 587 1550 655 Briseidae,
1589 587 1739 640 cuius

87 661 261 716 forma
298 662 539 732 pingitur
576 681 626 731 p.
671 664 752 730 17,
793 663 825 715 3
867 663 937 731 (v,
977 661 1146 730 5257)
1186 662 1316 714 alibi
1355 661 1556 714 mentio
1596 660 1740 712 facta

89 739 172 788 est
208 736 378 804 nulla,
420 737 680 805 optimam
705 740 759 788 et
798 736 1197 789 celeberrimam
1237 735 1627 805 digressionem
1674 734 1738 786 de

89 827 152 863 ea
206 810 354 862 addit
408 828 544 879 quae
607 810 984 863 ardentissimo
1049 827 1230 862 amore
1285 809 1455 862 Troili
1515 808 1739 876 impleta

88 882 160 954 (v.
182 884 360 937 13235
388 881 524 954 sqq.)
549 887 738 952 postea
762 902 882 938 cum
907 887 1099 954 rogatu
1123 883 1293 952 patris
1312 881 1621 936 Calchantis
1647 883 1738 951 qui

85 957 152 1010 ad
177 955 408 1011 Graecos
432 959 719 1011 transierat
743 958 952 1012 reddita
976 961 1116 1010 esset
1141 957 1377 1024 GraeciS,
1416 956 1542 1010 fidei
1576 958 1738 1025 atque

82 1030 428 1084 iurisiurandi
452 1031 563 1084 dati
589 1033 898 1102 acceptique
939 1032 1108 1084 oblita
1139 1031 1455 1085 Diomedem
1493 1031 1740 1082 redamat

83 1104 154 1174 (v.
199 1105 373 1158 14927
417 1124 530 1175 sqq.
562 1107 747 1159 20195
780 1106 948 1176 sqq),
994 1105 1261 1159 Meriones
1301 1106 1384 1158 bis
1411 1105 1479 1157 ab
1503 1104 1738 1157 Hectore

83 1178 402 1232 interficitur
439 1178 510 1248 (v.
550 1180 695 1234 9993
737 1183 789 1232 et
833 1179 1056 1250 14095),
1105 1180 1246 1250 quod
1286 1182 1340 1232 et
1377 1180 1556 1247 ipsum
1596 1178 1738 1247 apud

83 1251 336 1306 Daretem
377 1254 635 1322 scriptum
659 1254 864 1306 invenit
888 1254 951 1307 cf.
976 1273 1026 1323 p.
1051 1255 1137 1322 24,
1177 1255 1263 1321 21,
1304 1254 1390 1322 28,
1419 1253 1501 1306 10.
1549 1252 1736 1305 Altero

81 1326 200 1380 loco
238 1331 324 1396 „et
355 1326 680 1381 Merionem“
721 1329 974 1398 quoniam
1012 1327 1388 1380 tantummodo
1431 1328 1488 1379 in
1531 1327 1644 1379 cod.
1686 1325 1738 1379 G

84 1401 324 1454 additam
342 1404 423 1454 est
447 1402 691 1471 equidem
717 1402 964 1471 expunxi,
987 1401 1308 1455 Benedictus
1335 1404 1514 1454 autem
1538 1401 1735 1454 librum

85 1475 154 1528 ad
192 1494 382 1528 manus
421 1476 635 1544 habuit,
689 1477 746 1528 in
791 1495 896 1546 quo
944 1476 1046 1529 hoc
1084 1476 1276 1528 vitiose
1318 1475 1562 1528 additum
1601 1477 1731 1542 erat,

80 1547 310 1602 fortasse
349 1547 752 1620 Sangallensem
791 1551 982 1619 ipsum,
1023 1551 1091 1603 ad.
1130 1568 1289 1620 quem
1327 1549 1533 1602 fontem
1573 1549 1735 1601 etiam

82 1641 146 1676 ea
169 1642 330 1693 quam
356 1643 517 1692 supra
539 1643 588 1692 p.
614 1623 714 1676 XX
738 1626 1273 1677 commemoravimus
1314 1623 1734 1677 commutatione

78 1698 361 1750 nominum
391 1697 766 1767 „Euphemus“
796 1697 1082 1769 (eufemus)
1108 1701 1161 1751 et
1182 1697 1447 1767 „Remus“
1469 1697 1733 1750 ducimur:

78 1789 206 1823 nam
253 1770 323 1841 (V.
364 1772 533 1841 6673)
572 1771 823 1825 Eufemes
865 1773 927 1824 de
967 1771 1243 1826 l’Ancoine
1291 1776 1345 1825 et
1384 1771 1572 1824 deinde
1611 1774 1736 1840 post

79 1843 450 1914 Hippothoum
498 1844 735 1917 (Hupoz)
783 1850 837 1898 et
882 1845 1152 1915 Cupesum
1199 1846 1269 1918 (V.
1318 1844 1486 1915 6691)
1534 1844 1733 1898 Remus

79 1917 144 1971 (10
184 1917 396 1973 Oisonie
435 1920 575 1973 inter
612 1938 764 1991 reges
806 1921 1163 1974 Troianorum
1202 1923 1598 1972 enumerantur.
1649 1918 1735 1972 Ex

79 1992 265 2045 eodem
310 2012 532 2047 numero
581 1998 707 2047 sunt
754 1995 895 2063 apud
942 1994 1196 2047 Daretem
1242 1992 1315 2063 (p.
1363 1994 1449 2061 22,
1501 1992 1591 2064 15)
1637 1994 1733 2061 ,,(10

79 2063 416 2135 colophonia
438 2068 662 2135 MopSuS,
694 2070 754 2121 de
777 2069 1011 2136 Phryyia
1034 2069 1212 2137 Asius,
1238 2068 1300 2120 de
1327 2066 1484 2121 Caria
1506 2067 1733 2135 Amphi-

77 2140 302 2193 machus
355 2139 602 2195 Nastes“:
664 2142 722 2194 in
773 2143 924 2194 libris
981 2142 1176 2195 desunt
1229 2161 1292 2194 ea
1347 2159 1482 2211 quae
1537 2142 1731 2194 litteris

80 2212 311 2282 obliquis
366 2232 559 2268 excusa
626 2219 775 2283 sunt,
850 2216 956 2284 „de
1011 2218 1166 2270 colof.
1223 2216 1423 2269 masius
1480 2234 1629 2268 caras
1686 2234 1731 2267 a.

80 2287 330 2341 nesteus“
368 2290 693 2358 optimorum
733 2290 975 2343 codicum
1015 2295 1096 2343 est
1134 2291 1306 2357 lecti0,
1346 2308 1467 2343 cum
1498 2289 1581 2342 his
1608 2307 1731 2342 con-

78 2361 242 2414 sentit
279 2363 422 2431 quod
460 2363 779 2417 Benedictus
819 2364 982 2416 habet
1020 2363 1090 2435 (v.
1131 2363 1298 2434 6653)

345 2465 426 2518 De
467 2465 709 2536 Colopon
748 2486 852 2520 une
891 2470 1104 2522 contre'e

344 2539 447 2603 Qui
487 2541 550 2593 de
588 2560 702 2594 mer
739 2546 820 2594 est
858 2543 1105 2596 avironee

346 2612 374 2665 I
410 2614 525 2667 vint
564 2613 758 2670 Carcas
800 2620 853 2669 et
890 2616 1065 2670 Ficius

342 2685 543 2763 Nestex
581 2689 620 2741 li
658 2690 769 2744 fors
811 2694 864 2743 et
902 2690 1166 2744 FimacUS.

200 2891 230 2947 ¹)
262 2890 464 2936 Herbort
494 2907 586 2937 von
618 2893 826 2949 Fritzlar‚
861 2896 921 2939 ad
954 2895 1133 2940 notatio
1167 2895 1227 2940 ad
1259 2911 1301 2940 v.
1328 2900 1458 2940 3099.
