<?xml version="1.0" encoding="UTF-8"?>
<!DOCTYPE html PUBLIC "-//W3C//DTD XHTML 1.0 Transitional//EN"
    "http://www.w3.org/TR/xhtml1/DTD/xhtml1-transitional.dtd">
<html xmlns="http://www.w3.org/1999/xhtml" xml:lang="en" lang="en">
 <head>
  <title>
</title>
<meta http-equiv="Content-Type" content="text/html;charset=utf-8" />
  <meta name='ocr-system' content='tesseract 3.04.00' />
  <meta name='ocr-capabilities' content='ocr_page ocr_carea ocr_par ocr_line ocrx_word'/>
</head>
<body>
  <div class='ocr_page' id='page_1' title='image "./dictyscretensise00dictuoft_0012.png"; bbox 0 0 1956 3178; ppageno 0'>
   <div class='ocr_carea' id='block_1_1' title="bbox 1763 0 1956 191">
    <p class='ocr_par' dir='ltr' id='par_1_1' title="bbox 1763 0 1956 191">
     <span class='ocr_line' id='line_1_1' title="bbox 1763 0 1956 191; baseline 0 2987"><span class='ocrx_word' id='word_1_1' title='bbox 1763 0 1956 191; x_wconf 95' lang='lat' dir='ltr'> </span> 
     </span>
    </p>
   </div>
   <div class='ocr_carea' id='block_1_2' title="bbox 202 167 265 207">
    <p class='ocr_par' dir='ltr' id='par_1_2' title="bbox 202 167 265 207">
     <span class='ocr_line' id='line_1_2' title="bbox 202 167 265 207; baseline -0.032 0"><span class='ocrx_word' id='word_1_2' title='bbox 202 167 265 207; x_wconf 91' lang='lat' dir='ltr'>VI</span> 
     </span>
    </p>
   </div>
   <div class='ocr_carea' id='block_1_3' title="bbox 201 277 1817 488">
    <p class='ocr_par' dir='ltr' id='par_1_3' title="bbox 201 277 1817 488">
     <span class='ocr_line' id='line_1_3' title="bbox 201 277 1814 348; baseline -0.001 -16"><span class='ocrx_word' id='word_1_3' title='bbox 201 297 298 348; x_wconf 92' lang='lat' dir='ltr'>per</span> <span class='ocrx_word' id='word_1_4' title='bbox 349 279 626 332; x_wconf 81' lang='lat' dir='ltr'>Graeciam</span> <span class='ocrx_word' id='word_1_5' title='bbox 670 277 1174 346; x_wconf 89' lang='lat' dir='ltr'>frequentabantur:</span> <span class='ocrx_word' id='word_1_6' title='bbox 1221 296 1275 346; x_wconf 85' lang='lat' dir='ltr'><strong>p.</strong></span> <span class='ocrx_word' id='word_1_7' title='bbox 1327 277 1385 346; x_wconf 95' lang='grc'><strong>2,</strong></span> <span class='ocrx_word' id='word_1_8' title='bbox 1434 277 1468 330; x_wconf 87' lang='grc'>3</span> <span class='ocrx_word' id='word_1_9' title='bbox 1514 277 1814 330; x_wconf 88' lang='lat' dir='ltr'>litterarum</span> 
     </span>
     <span class='ocr_line' id='line_1_4' title="bbox 203 347 1815 417; baseline -0.001 -15"><span class='ocrx_word' id='word_1_10' title='bbox 203 349 565 417; x_wconf 83' lang='lat' dir='ltr'><strong>Phoenicum,</strong></span> <span class='ocrx_word' id='word_1_11' title='bbox 604 366 739 417; x_wconf 89' lang='lat' dir='ltr'>quae</span> <span class='ocrx_word' id='word_1_12' title='bbox 777 366 808 400; x_wconf 88' lang='lat' dir='ltr'>a</span> <span class='ocrx_word' id='word_1_13' title='bbox 845 347 1044 401; x_wconf 82' lang='lat' dir='ltr'>Cadmo</span> <span class='ocrx_word' id='word_1_14' title='bbox 1084 348 1143 400; x_wconf 91' lang='lat' dir='ltr'>in</span> <span class='ocrx_word' id='word_1_15' title='bbox 1178 347 1441 400; x_wconf 79' lang='lat' dir='ltr'>Achaiam</span> <span class='ocrx_word' id='word_1_16' title='bbox 1477 347 1693 400; x_wconf 87' lang='lat' dir='ltr'>fuerant</span> <span class='ocrx_word' id='word_1_17' title='bbox 1729 347 1815 400; x_wconf 90' lang='lat' dir='ltr'>de-</span> 
     </span>
     <span class='ocr_line' id='line_1_5' title="bbox 202 417 1817 488; baseline -0.001 -16"><span class='ocrx_word' id='word_1_18' title='bbox 202 420 342 472; x_wconf 87' lang='lat' dir='ltr'>latae</span> <span class='ocrx_word' id='word_1_19' title='bbox 381 419 464 488; x_wconf 91' lang='lat' dir='ltr'>(in</span> <span class='ocrx_word' id='word_1_20' title='bbox 487 421 593 472; x_wconf 89' lang='lat' dir='ltr'>fine</span> <span class='ocrx_word' id='word_1_21' title='bbox 628 419 832 487; x_wconf 84' lang='lat' dir='ltr'>primae</span> <span class='ocrx_word' id='word_1_22' title='bbox 857 419 1023 487; x_wconf 90' lang='lat' dir='ltr'>partis</span> <span class='ocrx_word' id='word_1_23' title='bbox 1060 437 1112 487; x_wconf 90' lang='lat' dir='ltr'>p.</span> <span class='ocrx_word' id='word_1_24' title='bbox 1143 417 1259 487; x_wconf 88' lang='lat'>101,</span> <span class='ocrx_word' id='word_1_25' title='bbox 1286 418 1354 470; x_wconf 82' lang='lat'>33</span> <span class='ocrx_word' id='word_1_26' title='bbox 1379 418 1574 470; x_wconf 88' lang='lat' dir='ltr'>litteris</span> <span class='ocrx_word' id='word_1_27' title='bbox 1598 417 1817 471; x_wconf 86' lang='lat' dir='ltr'>Punicis</span> 
     </span>
    </p>
   </div>
   <div class='ocr_carea' id='block_1_4' title="bbox 205 487 1820 558">
    <p class='ocr_par' dir='ltr' id='par_1_4' title="bbox 205 456 1956 558">
     <span class='ocr_line' id='line_1_6' title="bbox 205 487 1820 558; baseline -0.003 -15"><span class='ocrx_word' id='word_1_28' title='bbox 205 491 272 543; x_wconf 91' lang='lat' dir='ltr'>ab</span> <span class='ocrx_word' id='word_1_29' title='bbox 312 489 511 543; x_wconf 82' lang='lat' dir='ltr'>Cadmo</span> <span class='ocrx_word' id='word_1_30' title='bbox 550 489 844 557; x_wconf 87' lang='lat' dir='ltr'>Danaoque</span> <span class='ocrx_word' id='word_1_31' title='bbox 881 488 1113 558; x_wconf 88' lang='lat' dir='ltr'>traditis)</span> <span class='ocrx_word' id='word_1_32' title='bbox 1152 520 1222 527; x_wconf 83' lang='lat'>-—-</span> <span class='ocrx_word' id='word_1_33' title='bbox 1257 507 1309 557; x_wconf 94' lang='lat' dir='ltr'><strong>p.</strong></span> <span class='ocrx_word' id='word_1_34' title='bbox 1353 491 1405 555; x_wconf 87' lang='lat'>1,</span> <span class='ocrx_word' id='word_1_35' title='bbox 1452 487 1489 539; x_wconf 87' lang='lat'>4</span> <span class='ocrx_word' id='word_1_36' title='bbox 1537 488 1661 540; x_wconf 92' lang='lat' dir='ltr'>dein</span> <span class='ocrx_word' id='word_1_37' title='bbox 1695 490 1820 557; x_wconf 86' lang='lat' dir='ltr'>post</span> 
     </span>
    </p>
   </div>
   <div class='ocr_carea' id='block_1_5' title="bbox 203 557 1823 1960">
    <p class='ocr_par' dir='ltr' id='par_1_5' title="bbox 203 557 1822 1539">
     <span class='ocr_line' id='line_1_7' title="bbox 203 557 1818 628; baseline -0.001 -16"><span class='ocrx_word' id='word_1_38' title='bbox 203 560 373 612; x_wconf 85' lang='lat' dir='ltr'>multa</span> <span class='ocrx_word' id='word_1_39' title='bbox 421 559 656 612; x_wconf 89' lang='lat' dir='ltr'>saecula:</span> <span class='ocrx_word' id='word_1_40' title='bbox 704 579 756 627; x_wconf 90' lang='lat' dir='ltr'>p.</span> <span class='ocrx_word' id='word_1_41' title='bbox 796 559 856 628; x_wconf 92' lang='grc'><strong>2,</strong></span> <span class='ocrx_word' id='word_1_42' title='bbox 907 559 972 610; x_wconf 98' lang='grc'>12</span> <span class='ocrx_word' id='word_1_43' title='bbox 1018 559 1211 611; x_wconf 88' lang='lat' dir='ltr'>secutis</span> <span class='ocrx_word' id='word_1_44' title='bbox 1255 558 1611 627; x_wconf 90' lang='lat' dir='ltr'>temporibus,</span> <span class='ocrx_word' id='word_1_45' title='bbox 1657 557 1818 611; x_wconf 79' lang='lat' dir='ltr'>tertio</span> 
     </span>
     <span class='ocr_line' id='line_1_8' title="bbox 205 627 1820 697; baseline -0.001 -16"><span class='ocrx_word' id='word_1_46' title='bbox 205 629 410 682; x_wconf 89' lang='lat' dir='ltr'>decimo</span> <span class='ocrx_word' id='word_1_47' title='bbox 438 648 581 683; x_wconf 89' lang='lat' dir='ltr'>anno</span> <span class='ocrx_word' id='word_1_48' title='bbox 606 629 841 682; x_wconf 84' lang='lat' dir='ltr'>Neronis</span> <span class='ocrx_word' id='word_1_49' title='bbox 866 629 1077 697; x_wconf 90' lang='lat' dir='ltr'>imperii</span> <span class='ocrx_word' id='word_1_50' title='bbox 1101 662 1165 667; x_wconf 81' lang='lat'>—-</span> <span class='ocrx_word' id='word_1_51' title='bbox 1195 648 1247 697; x_wconf 92' lang='lat' dir='ltr'><strong>p.</strong></span> <span class='ocrx_word' id='word_1_52' title='bbox 1279 630 1323 696; x_wconf 87' lang='lat'>1,</span> <span class='ocrx_word' id='word_1_53' title='bbox 1367 629 1401 681; x_wconf 84' lang='lat'>5</span> <span class='ocrx_word' id='word_1_54' title='bbox 1427 629 1569 697; x_wconf 88' lang='lat' dir='ltr'>apud</span> <span class='ocrx_word' id='word_1_55' title='bbox 1594 627 1820 682; x_wconf 80' lang='lat' dir='ltr'>Gnoson</span> 
     </span>
     <span class='ocr_line' id='line_1_9' title="bbox 205 698 1820 769; baseline -0.001 -17"><span class='ocrx_word' id='word_1_56' title='bbox 205 700 335 752; x_wconf 92' lang='lat' dir='ltr'>olim</span> <span class='ocrx_word' id='word_1_57' title='bbox 362 699 630 753; x_wconf 87' lang='lat' dir='ltr'>Cretensis</span> <span class='ocrx_word' id='word_1_58' title='bbox 668 701 822 769; x_wconf 90' lang='lat' dir='ltr'>regni</span> <span class='ocrx_word' id='word_1_59' title='bbox 860 699 1061 752; x_wconf 90' lang='lat' dir='ltr'>sedem:</span> <span class='ocrx_word' id='word_1_60' title='bbox 1100 718 1153 768; x_wconf 91' lang='lat' dir='ltr'><strong>p.</strong></span> <span class='ocrx_word' id='word_1_61' title='bbox 1192 700 1248 767; x_wconf 95' lang='grc'><strong>2,</strong></span> <span class='ocrx_word' id='word_1_62' title='bbox 1289 699 1353 751; x_wconf 97' lang='grc'>13</span> <span class='ocrx_word' id='word_1_63' title='bbox 1387 699 1446 751; x_wconf 91' lang='lat' dir='ltr'>in</span> <span class='ocrx_word' id='word_1_64' title='bbox 1472 698 1656 752; x_wconf 81' lang='lat' dir='ltr'>Gnoso</span> <span class='ocrx_word' id='word_1_65' title='bbox 1694 698 1820 752; x_wconf 88' lang='lat' dir='ltr'>civi-</span> 
     </span>
     <span class='ocr_line' id='line_1_10' title="bbox 203 769 1818 838; baseline -0.001 -15"><span class='ocrx_word' id='word_1_66' title='bbox 203 773 313 823; x_wconf 89' lang='lat' dir='ltr'>tate</span> <span class='ocrx_word' id='word_1_67' title='bbox 356 802 419 809; x_wconf 92' lang='lat'><strong>—</strong></span> <span class='ocrx_word' id='word_1_68' title='bbox 458 790 508 838; x_wconf 89' lang='lat' dir='ltr'>p.</span> <span class='ocrx_word' id='word_1_69' title='bbox 552 772 606 838; x_wconf 87' lang='lat'>1,</span> <span class='ocrx_word' id='word_1_70' title='bbox 653 771 687 823; x_wconf 86' lang='lat'>5</span> <span class='ocrx_word' id='word_1_71' title='bbox 737 770 990 838; x_wconf 90' lang='lat' dir='ltr'>conlapso</span> <span class='ocrx_word' id='word_1_72' title='bbox 1029 788 1126 838; x_wconf 92' lang='lat' dir='ltr'>per</span> <span class='ocrx_word' id='word_1_73' title='bbox 1171 772 1490 822; x_wconf 90' lang='lat' dir='ltr'>vetustatem</span> <span class='ocrx_word' id='word_1_74' title='bbox 1536 769 1818 838; x_wconf 89' lang='lat' dir='ltr'>sepulchro</span> 
     </span>
     <span class='ocr_line' id='line_1_11' title="bbox 206 839 1821 908; baseline -0.001 -15"><span class='ocrx_word' id='word_1_75' title='bbox 206 841 344 893; x_wconf 88' lang='lat' dir='ltr'>eius:</span> <span class='ocrx_word' id='word_1_76' title='bbox 382 860 434 908; x_wconf 88' lang='lat' dir='ltr'>p.</span> <span class='ocrx_word' id='word_1_77' title='bbox 473 841 535 908; x_wconf 90' lang='grc'><strong>2,</strong></span> <span class='ocrx_word' id='word_1_78' title='bbox 590 841 657 892; x_wconf 87' lang='grc'><strong>14</strong></span> <span class='ocrx_word' id='word_1_79' title='bbox 699 843 872 892; x_wconf 83' lang='lat' dir='ltr'>terrae</span> <span class='ocrx_word' id='word_1_80' title='bbox 909 843 1087 893; x_wconf 87' lang='lat' dir='ltr'>motus</span> <span class='ocrx_word' id='word_1_81' title='bbox 1134 840 1265 893; x_wconf 87' lang='lat' dir='ltr'>facti</span> <span class='ocrx_word' id='word_1_82' title='bbox 1305 858 1425 892; x_wconf 90' lang='lat' dir='ltr'>cum</span> <span class='ocrx_word' id='word_1_83' title='bbox 1460 839 1654 908; x_wconf 89' lang='lat' dir='ltr'>multa,</span> <span class='ocrx_word' id='word_1_84' title='bbox 1702 842 1821 892; x_wconf 88' lang='lat' dir='ltr'>tum</span> 
     </span>
     <span class='ocr_line' id='line_1_12' title="bbox 205 909 1818 979; baseline -0.002 -15"><span class='ocrx_word' id='word_1_85' title='bbox 205 911 367 964; x_wconf 90' lang='lat' dir='ltr'>etiam</span> <span class='ocrx_word' id='word_1_86' title='bbox 394 910 735 979; x_wconf 87' lang='lat' dir='ltr'>sepulchrum</span> <span class='ocrx_word' id='word_1_87' title='bbox 759 910 948 979; x_wconf 87' lang='lat' dir='ltr'>Dictys</span> <span class='ocrx_word' id='word_1_88' title='bbox 986 911 1062 962; x_wconf 90' lang='lat' dir='ltr'>ita</span> <span class='ocrx_word' id='word_1_89' title='bbox 1085 910 1454 979; x_wconf 86' lang='lat' dir='ltr'>patefecerunt</span> <span class='ocrx_word' id='word_1_90' title='bbox 1477 941 1548 948; x_wconf 88' lang='lat'><strong>—</strong></span> <span class='ocrx_word' id='word_1_91' title='bbox 1571 928 1623 978; x_wconf 89' lang='lat' dir='ltr'>p.</span> <span class='ocrx_word' id='word_1_92' title='bbox 1667 911 1712 978; x_wconf 86' lang='lat'>1,</span> <span class='ocrx_word' id='word_1_93' title='bbox 1753 909 1818 961; x_wconf 91' lang='grc'>11</span> 
     </span>
     <span class='ocr_line' id='line_1_13' title="bbox 205 979 1822 1049; baseline -0.001 -16"><span class='ocrx_word' id='word_1_94' title='bbox 205 981 273 1033; x_wconf 85' lang='grc'>3(1</span> <span class='ocrx_word' id='word_1_95' title='bbox 296 979 514 1033; x_wconf 83' lang='lat' dir='ltr'>Praxim</span> <span class='ocrx_word' id='word_1_96' title='bbox 539 980 812 1034; x_wconf 89' lang='lat' dir='ltr'>dominum</span> <span class='ocrx_word' id='word_1_97' title='bbox 836 981 966 1033; x_wconf 90' lang='lat' dir='ltr'>loci:</span> <span class='ocrx_word' id='word_1_98' title='bbox 1003 999 1055 1048; x_wconf 92' lang='lat' dir='ltr'><strong>p.</strong></span> <span class='ocrx_word' id='word_1_99' title='bbox 1094 981 1145 1049; x_wconf 93' lang='grc'>2,</span> <span class='ocrx_word' id='word_1_100' title='bbox 1175 981 1240 1033; x_wconf 89' lang='grc'><strong>19</strong></span> <span class='ocrx_word' id='word_1_101' title='bbox 1273 980 1339 1033; x_wconf 92' lang='lat' dir='ltr'>ad</span> <span class='ocrx_word' id='word_1_102' title='bbox 1364 998 1519 1032; x_wconf 90' lang='lat' dir='ltr'>suum</span> <span class='ocrx_word' id='word_1_103' title='bbox 1544 979 1822 1032; x_wconf 88' lang='lat' dir='ltr'>dominum</span> 
     </span>
     <span class='ocr_line' id='line_1_14' title="bbox 205 1050 1820 1120; baseline -0.001 -17"><span class='ocrx_word' id='word_1_104' title='bbox 205 1050 568 1119; x_wconf 85' lang='lat' dir='ltr'>Eupraxidem</span> <span class='ocrx_word' id='word_1_105' title='bbox 606 1051 696 1120; x_wconf 80' lang='lat' dir='ltr'><strong>(cf.</strong></span> <span class='ocrx_word' id='word_1_106' title='bbox 736 1050 787 1119; x_wconf 89' lang='grc'>2,</span> <span class='ocrx_word' id='word_1_107' title='bbox 826 1051 895 1102; x_wconf 90' lang='grc'>22</span> <span class='ocrx_word' id='word_1_108' title='bbox 921 1051 970 1118; x_wconf 91' lang='grc'>3,</span> <span class='ocrx_word' id='word_1_109' title='bbox 1011 1051 1066 1120; x_wconf 85' lang='grc'>7)</span> <span class='ocrx_word' id='word_1_110' title='bbox 1092 1082 1163 1088; x_wconf 89' lang='lat'>—-</span> <span class='ocrx_word' id='word_1_111' title='bbox 1186 1070 1239 1119; x_wconf 88' lang='lat' dir='ltr'>p.</span> <span class='ocrx_word' id='word_1_112' title='bbox 1283 1052 1328 1119; x_wconf 88' lang='lat'>1,</span> <span class='ocrx_word' id='word_1_113' title='bbox 1370 1050 1436 1102; x_wconf 92' lang='grc'><strong>12</strong></span> <span class='ocrx_word' id='word_1_114' title='bbox 1465 1052 1820 1103; x_wconf 89' lang='lat' dir='ltr'>commutatos</span> 
     </span>
     <span class='ocr_line' id='line_1_15' title="bbox 204 1120 1818 1189; baseline -0.001 -16"><span class='ocrx_word' id='word_1_115' title='bbox 204 1121 399 1173; x_wconf 86' lang='lat' dir='ltr'>litteris</span> <span class='ocrx_word' id='word_1_116' title='bbox 439 1121 661 1189; x_wconf 78' lang='lat' dir='ltr'>AtticiS,</span> <span class='ocrx_word' id='word_1_117' title='bbox 708 1139 834 1173; x_wconf 90' lang='lat' dir='ltr'>nam</span> <span class='ocrx_word' id='word_1_118' title='bbox 888 1121 1058 1173; x_wconf 89' lang='lat' dir='ltr'>oratio</span> <span class='ocrx_word' id='word_1_119' title='bbox 1098 1120 1301 1173; x_wconf 80' lang='lat' dir='ltr'>Graeca</span> <span class='ocrx_word' id='word_1_120' title='bbox 1347 1120 1544 1173; x_wconf 87' lang='lat' dir='ltr'>fuerat:</span> <span class='ocrx_word' id='word_1_121' title='bbox 1591 1140 1642 1189; x_wconf 93' lang='lat' dir='ltr'>p.</span> <span class='ocrx_word' id='word_1_122' title='bbox 1681 1121 1739 1188; x_wconf 84' lang='lat'>3,</span> <span class='ocrx_word' id='word_1_123' title='bbox 1789 1120 1818 1171; x_wconf 88' lang='lat'>1</span> 
     </span>
     <span class='ocr_line' id='line_1_16' title="bbox 206 1190 1821 1259; baseline -0.001 -16"><span class='ocrx_word' id='word_1_124' title='bbox 206 1191 438 1243; x_wconf 91' lang='lat' dir='ltr'>Punicas</span> <span class='ocrx_word' id='word_1_125' title='bbox 480 1209 591 1243; x_wconf 88' lang='grc'><strong>6886</strong></span> <span class='ocrx_word' id='word_1_126' title='bbox 630 1191 854 1259; x_wconf 81' lang='lat' dir='ltr'>litteraS,</span> <span class='ocrx_word' id='word_1_127' title='bbox 893 1209 944 1259; x_wconf 92' lang='lat' dir='ltr'>p.</span> <span class='ocrx_word' id='word_1_128' title='bbox 984 1192 1033 1259; x_wconf 84' lang='lat'>3,</span> <span class='ocrx_word' id='word_1_129' title='bbox 1072 1192 1106 1243; x_wconf 81' lang='lat'>5</span> <span class='ocrx_word' id='word_1_130' title='bbox 1144 1191 1298 1244; x_wconf 88' lang='lat' dir='ltr'>iussit</span> <span class='ocrx_word' id='word_1_131' title='bbox 1333 1191 1392 1242; x_wconf 89' lang='lat' dir='ltr'>in</span> <span class='ocrx_word' id='word_1_132' title='bbox 1419 1190 1682 1252; x_wconf 84' lang='lat' dir='ltr'>Graecum</span> <span class='ocrx_word' id='word_1_133' title='bbox 1717 1207 1821 1243; x_wconf 89' lang='lat' dir='ltr'>ser-</span> 
     </span>
     <span class='ocr_line' id='line_1_17' title="bbox 205 1260 1820 1329; baseline -0.001 -16"><span class='ocrx_word' id='word_1_134' title='bbox 205 1279 420 1314; x_wconf 85' lang='lat' dir='ltr'>monem</span> <span class='ocrx_word' id='word_1_135' title='bbox 457 1261 560 1314; x_wconf 90' lang='lat' dir='ltr'>ista</span> <span class='ocrx_word' id='word_1_136' title='bbox 595 1261 878 1313; x_wconf 71' lang='lat' dir='ltr'>transferri</span> <span class='ocrx_word' id='word_1_137' title='bbox 914 1293 985 1298; x_wconf 93' lang='lat'>———</span> <span class='ocrx_word' id='word_1_138' title='bbox 1020 1279 1071 1329; x_wconf 91' lang='lat' dir='ltr'>p.</span> <span class='ocrx_word' id='word_1_139' title='bbox 1116 1262 1162 1329; x_wconf 87' lang='lat'>1,</span> <span class='ocrx_word' id='word_1_140' title='bbox 1208 1262 1269 1314; x_wconf 91' lang='grc'>18</span> <span class='ocrx_word' id='word_1_141' title='bbox 1306 1262 1548 1329; x_wconf 88' lang='lat' dir='ltr'>priorum</span> <span class='ocrx_word' id='word_1_142' title='bbox 1585 1260 1717 1329; x_wconf 91' lang='lat' dir='ltr'>quin</span> <span class='ocrx_word' id='word_1_143' title='bbox 1754 1277 1820 1312; x_wconf 90' lang='lat' dir='ltr'>ue</span> 
     </span>
     <span class='ocr_line' id='line_1_18' title="bbox 207 1330 1822 1398; baseline -0.001 -15"><span class='ocrx_word' id='word_1_144' title='bbox 207 1331 544 1384; x_wconf 89' lang='lat' dir='ltr'>voluminum</span> <span class='ocrx_word' id='word_1_145' title='bbox 593 1332 821 1383; x_wconf 89' lang='lat' dir='ltr'>eundem</span> <span class='ocrx_word' id='word_1_146' title='bbox 878 1348 1160 1383; x_wconf 90' lang='lat' dir='ltr'>numerum</span> <span class='ocrx_word' id='word_1_147' title='bbox 1205 1332 1555 1398; x_wconf 83' lang='lat' dir='ltr'>servavimus,</span> <span class='ocrx_word' id='word_1_148' title='bbox 1612 1330 1714 1383; x_wconf 85' lang='lat' dir='ltr'>resi</span> <span class='ocrx_word' id='word_1_149' title='bbox 1752 1348 1822 1382; x_wconf 86' lang='lat' dir='ltr'>ua</span> 
     </span>
     <span class='ocr_line' id='line_1_19' title="bbox 208 1400 1822 1470; baseline 0 -17"><span class='ocrx_word' id='word_1_150' title='bbox 208 1404 465 1469; x_wconf 87' lang='lat' dir='ltr'>quatuor:</span> <span class='ocrx_word' id='word_1_151' title='bbox 509 1421 560 1470; x_wconf 91' lang='lat' dir='ltr'>p.</span> <span class='ocrx_word' id='word_1_152' title='bbox 598 1401 649 1469; x_wconf 90' lang='grc'><strong>2,</strong></span> <span class='ocrx_word' id='word_1_153' title='bbox 690 1402 718 1453; x_wconf 86' lang='lat'><strong>7</strong></span> <span class='ocrx_word' id='word_1_154' title='bbox 760 1401 823 1453; x_wconf 93' lang='lat' dir='ltr'>de</span> <span class='ocrx_word' id='word_1_155' title='bbox 859 1404 975 1453; x_wconf 91' lang='lat' dir='ltr'>toto</span> <span class='ocrx_word' id='word_1_156' title='bbox 1014 1401 1155 1453; x_wconf 94' lang='lat' dir='ltr'>bello</span> <span class='ocrx_word' id='word_1_157' title='bbox 1195 1420 1285 1454; x_wconf 86' lang='lat' dir='ltr'>sex</span> <span class='ocrx_word' id='word_1_158' title='bbox 1324 1402 1421 1469; x_wconf 89' lang='lat' dir='ltr'>(ita</span> <span class='ocrx_word' id='word_1_159' title='bbox 1458 1401 1602 1453; x_wconf 90' lang='lat' dir='ltr'>enim</span> <span class='ocrx_word' id='word_1_160' title='bbox 1638 1400 1822 1453; x_wconf 91' lang='lat' dir='ltr'>malim</span> 
     </span>
     <span class='ocr_line' id='line_1_20' title="bbox 205 1472 713 1539; baseline 0 -16"><span class='ocrx_word' id='word_1_161' title='bbox 205 1472 387 1539; x_wconf 85' lang='lat' dir='ltr'>scribi.)</span> <span class='ocrx_word' id='word_1_162' title='bbox 425 1472 713 1524; x_wconf 88' lang='lat' dir='ltr'>volumina.</span> 
     </span>
    </p>

    <p class='ocr_par' dir='ltr' id='par_1_6' title="bbox 206 1539 1823 1960">
     <span class='ocr_line' id='line_1_21' title="bbox 346 1539 1819 1610; baseline -0.001 -16"><span class='ocrx_word' id='word_1_163' title='bbox 346 1542 411 1594; x_wconf 89' lang='lat' dir='ltr'>In</span> <span class='ocrx_word' id='word_1_164' title='bbox 448 1542 548 1594; x_wconf 88' lang='lat' dir='ltr'>hac</span> <span class='ocrx_word' id='word_1_165' title='bbox 584 1545 737 1594; x_wconf 89' lang='lat' dir='ltr'>tanta</span> <span class='ocrx_word' id='word_1_166' title='bbox 773 1559 952 1593; x_wconf 89' lang='lat' dir='ltr'>rerum</span> <span class='ocrx_word' id='word_1_167' title='bbox 990 1541 1294 1593; x_wconf 88' lang='lat' dir='ltr'>diversitate</span> <span class='ocrx_word' id='word_1_168' title='bbox 1332 1541 1467 1592; x_wconf 90' lang='lat' dir='ltr'>mihi</span> <span class='ocrx_word' id='word_1_169' title='bbox 1502 1539 1819 1610; x_wconf 87' lang='lat' dir='ltr'>persuadere</span> 
     </span>
     <span class='ocr_line' id='line_1_22' title="bbox 206 1611 1822 1680; baseline -0.001 -16"><span class='ocrx_word' id='word_1_170' title='bbox 206 1629 319 1664; x_wconf 93' lang='lat' dir='ltr'>non</span> <span class='ocrx_word' id='word_1_171' title='bbox 355 1630 573 1680; x_wconf 90' lang='lat' dir='ltr'>possum</span> <span class='ocrx_word' id='word_1_172' title='bbox 620 1615 906 1680; x_wconf 90' lang='lat' dir='ltr'>utrumque</span> <span class='ocrx_word' id='word_1_173' title='bbox 952 1611 1018 1663; x_wconf 88' lang='lat' dir='ltr'>ab</span> <span class='ocrx_word' id='word_1_174' title='bbox 1070 1611 1256 1664; x_wconf 92' lang='lat' dir='ltr'>eodem</span> <span class='ocrx_word' id='word_1_175' title='bbox 1302 1611 1519 1664; x_wconf 89' lang='lat' dir='ltr'>homine</span> <span class='ocrx_word' id='word_1_176' title='bbox 1566 1611 1822 1679; x_wconf 82' lang='lat' dir='ltr'>scriptum</span> 
     </span>
     <span class='ocr_line' id='line_1_23' title="bbox 207 1680 1822 1749; baseline 0 -15"><span class='ocrx_word' id='word_1_177' title='bbox 207 1700 337 1749; x_wconf 88' lang='lat' dir='ltr'>esse,</span> <span class='ocrx_word' id='word_1_178' title='bbox 376 1682 468 1734; x_wconf 90' lang='lat' dir='ltr'>sed</span> <span class='ocrx_word' id='word_1_179' title='bbox 504 1681 559 1733; x_wconf 92' lang='lat' dir='ltr'>id</span> <span class='ocrx_word' id='word_1_180' title='bbox 596 1682 738 1749; x_wconf 89' lang='lat' dir='ltr'>quod</span> <span class='ocrx_word' id='word_1_181' title='bbox 775 1682 883 1733; x_wconf 88' lang='lat' dir='ltr'>iam</span> <span class='ocrx_word' id='word_1_182' title='bbox 920 1681 1120 1733; x_wconf 91' lang='lat' dir='ltr'>dudum</span> <span class='ocrx_word' id='word_1_183' title='bbox 1158 1680 1447 1733; x_wconf 90' lang='lat' dir='ltr'>Mercerius</span> <span class='ocrx_word' id='word_1_184' title='bbox 1485 1681 1681 1749; x_wconf 87' lang='lat' dir='ltr'>aliique</span> <span class='ocrx_word' id='word_1_185' title='bbox 1719 1684 1822 1748; x_wconf 84' lang='lat' dir='ltr'>sta-</span> 
     </span>
     <span class='ocr_line' id='line_1_24' title="bbox 206 1751 1820 1820; baseline 0.001 -17"><span class='ocrx_word' id='word_1_186' title='bbox 206 1754 452 1820; x_wconf 86' lang='lat' dir='ltr'>tuerunt,</span> <span class='ocrx_word' id='word_1_187' title='bbox 494 1752 774 1819; x_wconf 88' lang='lat' dir='ltr'>epistolam</span> <span class='ocrx_word' id='word_1_188' title='bbox 812 1751 1230 1803; x_wconf 89' lang='lat' dir='ltr'>additamentum</span> <span class='ocrx_word' id='word_1_189' title='bbox 1268 1751 1603 1820; x_wconf 74' lang='lat' dir='ltr'>grammatici</span> <span class='ocrx_word' id='word_1_190' title='bbox 1639 1751 1820 1804; x_wconf 90' lang='lat' dir='ltr'>nescio</span> 
     </span>
     <span class='ocr_line' id='line_1_25' title="bbox 207 1821 1823 1891; baseline 0.001 -18"><span class='ocrx_word' id='word_1_191' title='bbox 207 1823 357 1874; x_wconf 89' lang='lat' dir='ltr'>cuius</span> <span class='ocrx_word' id='word_1_192' title='bbox 373 1864 386 1890; x_wconf 91' lang='lat'>,</span> <span class='ocrx_word' id='word_1_193' title='bbox 425 1823 711 1891; x_wconf 83' lang='lat' dir='ltr'>prologum</span> <span class='ocrx_word' id='word_1_194' title='bbox 749 1824 927 1873; x_wconf 88' lang='lat' dir='ltr'>autem</span> <span class='ocrx_word' id='word_1_195' title='bbox 965 1821 1198 1873; x_wconf 91' lang='lat' dir='ltr'>eiusdem</span> <span class='ocrx_word' id='word_1_196' title='bbox 1236 1821 1468 1873; x_wconf 86' lang='lat' dir='ltr'>auctoris</span> <span class='ocrx_word' id='word_1_197' title='bbox 1506 1824 1665 1890; x_wconf 88' lang='lat' dir='ltr'>atque</span> <span class='ocrx_word' id='word_1_198' title='bbox 1701 1821 1823 1874; x_wconf 85' lang='lat' dir='ltr'>reli-</span> 
     </span>
     <span class='ocr_line' id='line_1_26' title="bbox 208 1892 1000 1960; baseline 0 -16"><span class='ocrx_word' id='word_1_199' title='bbox 208 1910 371 1960; x_wconf 89' lang='lat' dir='ltr'>quum</span> <span class='ocrx_word' id='word_1_200' title='bbox 409 1892 607 1944; x_wconf 88' lang='lat' dir='ltr'>librum</span> <span class='ocrx_word' id='word_1_201' title='bbox 645 1909 758 1944; x_wconf 91' lang='lat' dir='ltr'>esse</span> <span class='ocrx_word' id='word_1_202' title='bbox 797 1909 1000 1945; x_wconf 81' lang='lat' dir='ltr'>censeo,</span> 
     </span>
    </p>
   </div>
   <div class='ocr_carea' id='block_1_6' title="bbox 350 1960 1934 2030">
    <p class='ocr_par' dir='ltr' id='par_1_7' title="bbox 350 1960 1934 2030">
     <span class='ocr_line' id='line_1_27' title="bbox 350 1960 1934 2030; baseline -0.001 -17"><span class='ocrx_word' id='word_1_203' title='bbox 350 1962 462 2013; x_wconf 90' lang='lat' dir='ltr'>Alii</span> <span class='ocrx_word' id='word_1_204' title='bbox 511 1962 667 2014; x_wconf 87' lang='lat' dir='ltr'>aliter</span> <span class='ocrx_word' id='word_1_205' title='bbox 712 1964 772 2013; x_wconf 89' lang='lat' dir='ltr'>ut</span> <span class='ocrx_word' id='word_1_206' title='bbox 818 1962 876 2013; x_wconf 92' lang='lat' dir='ltr'>in</span> <span class='ocrx_word' id='word_1_207' title='bbox 915 1962 1227 2030; x_wconf 88' lang='lat' dir='ltr'>quaestione</span> <span class='ocrx_word' id='word_1_208' title='bbox 1266 1960 1580 2013; x_wconf 86' lang='lat' dir='ltr'>difficillima</span> <span class='ocrx_word' id='word_1_209' title='bbox 1625 1960 1822 2013; x_wconf 86' lang='lat' dir='ltr'>iudica·</span> <span class='ocrx_word' id='word_1_210' title='bbox 1932 1971 1934 1973; x_wconf 83' lang='grc'><strong>’</strong></span> 
     </span>
    </p>
   </div>
   <div class='ocr_carea' id='block_1_7' title="bbox 209 2030 1823 2098">
    <p class='ocr_par' dir='ltr' id='par_1_8' title="bbox 209 2030 1823 2098">
     <span class='ocr_line' id='line_1_28' title="bbox 209 2030 1823 2098; baseline -0.001 -14"><span class='ocrx_word' id='word_1_211' title='bbox 209 2035 416 2098; x_wconf 90' lang='lat' dir='ltr'>verunt,</span> <span class='ocrx_word' id='word_1_212' title='bbox 442 2032 668 2084; x_wconf 88' lang='lat' dir='ltr'>Iacobus</span> <span class='ocrx_word' id='word_1_213' title='bbox 699 2031 1011 2084; x_wconf 88' lang='lat' dir='ltr'>Perizonius</span> <span class='ocrx_word' id='word_1_214' title='bbox 1037 2032 1095 2083; x_wconf 92' lang='lat' dir='ltr'>in</span> <span class='ocrx_word' id='word_1_215' title='bbox 1117 2031 1486 2083; x_wconf 73' lang='lat' dir='ltr'>dissertatione</span> <span class='ocrx_word' id='word_1_216' title='bbox 1513 2030 1576 2082; x_wconf 89' lang='lat' dir='ltr'>de</span> <span class='ocrx_word' id='word_1_217' title='bbox 1597 2030 1823 2083; x_wconf 88' lang='lat' dir='ltr'>historia</span> 
     </span>
    </p>
   </div>
   <div class='ocr_carea' id='block_1_8' title="bbox 209 2100 1822 2170">
    <p class='ocr_par' dir='ltr' id='par_1_9' title="bbox 209 2083 1956 2170">
     <span class='ocr_line' id='line_1_29' title="bbox 209 2100 1822 2170; baseline -0.001 -17"><span class='ocrx_word' id='word_1_218' title='bbox 209 2102 338 2154; x_wconf 90' lang='lat' dir='ltr'>belli</span> <span class='ocrx_word' id='word_1_219' title='bbox 376 2101 597 2153; x_wconf 86' lang='lat' dir='ltr'>Troiani</span> <span class='ocrx_word' id='word_1_220' title='bbox 622 2100 777 2153; x_wconf 91' lang='lat' dir='ltr'>XXX</span> <span class='ocrx_word' id='word_1_221' title='bbox 803 2105 856 2152; x_wconf 92' lang='lat' dir='ltr'>et</span> <span class='ocrx_word' id='word_1_222' title='bbox 880 2119 1026 2170; x_wconf 89' lang='lat' dir='ltr'>seqq.</span> <span class='ocrx_word' id='word_1_223' title='bbox 1067 2100 1394 2153; x_wconf 84' lang='lat' dir='ltr'>Obrechtum</span> <span class='ocrx_word' id='word_1_224' title='bbox 1420 2103 1631 2153; x_wconf 81' lang='lat' dir='ltr'>secutus</span> <span class='ocrx_word' id='word_1_225' title='bbox 1668 2117 1822 2169; x_wconf 85' lang='lat' dir='ltr'>„pro-</span> 
     </span>
    </p>
   </div>
   <div class='ocr_carea' id='block_1_9' title="bbox 209 2170 1823 2241">
    <p class='ocr_par' dir='ltr' id='par_1_10' title="bbox 209 2170 1823 2241">
     <span class='ocr_line' id='line_1_30' title="bbox 209 2170 1823 2241; baseline -0.001 -18"><span class='ocrx_word' id='word_1_226' title='bbox 209 2171 394 2241; x_wconf 90' lang='lat' dir='ltr'>logum</span> <span class='ocrx_word' id='word_1_227' title='bbox 415 2188 602 2240; x_wconf 84' lang='lat' dir='ltr'>graece</span> <span class='ocrx_word' id='word_1_228' title='bbox 627 2171 876 2239; x_wconf 91' lang='lat' dir='ltr'>primitus</span> <span class='ocrx_word' id='word_1_229' title='bbox 895 2172 1153 2239; x_wconf 90' lang='lat' dir='ltr'>scriptum</span> <span class='ocrx_word' id='word_1_230' title='bbox 1174 2174 1226 2223; x_wconf 88' lang='lat' dir='ltr'>et</span> <span class='ocrx_word' id='word_1_231' title='bbox 1246 2170 1448 2223; x_wconf 84' lang='lat' dir='ltr'>Graeco</span> <span class='ocrx_word' id='word_1_232' title='bbox 1474 2170 1655 2239; x_wconf 80' lang='lat' dir='ltr'>Dictyi</span> <span class='ocrx_word' id='word_1_233' title='bbox 1674 2187 1823 2238; x_wconf 91' lang='lat' dir='ltr'>prae-</span> 
     </span>
    </p>
   </div>
   <div class='ocr_carea' id='block_1_10' title="bbox 211 2238 1946 2308">
    <p class='ocr_par' dir='ltr' id='par_1_11' title="bbox 211 2238 1946 2308">
     <span class='ocr_line' id='line_1_31' title="bbox 211 2238 1946 2308; baseline 0.001 -16"><span class='ocrx_word' id='word_1_234' title='bbox 211 2241 432 2293; x_wconf 88' lang='lat' dir='ltr'>missum</span> <span class='ocrx_word' id='word_1_235' title='bbox 454 2241 618 2293; x_wconf 86' lang='lat' dir='ltr'>fuisse</span> <span class='ocrx_word' id='word_1_236' title='bbox 645 2240 947 2308; x_wconf 83' lang='lat' dir='ltr'>arbitratur,</span> <span class='ocrx_word' id='word_1_237' title='bbox 974 2241 1291 2293; x_wconf 87' lang='lat' dir='ltr'>translatum</span> <span class='ocrx_word' id='word_1_238' title='bbox 1317 2244 1496 2293; x_wconf 90' lang='lat' dir='ltr'>autem</span> <span class='ocrx_word' id='word_1_239' title='bbox 1514 2258 1626 2293; x_wconf 91' lang='lat' dir='ltr'>non</span> <span class='ocrx_word' id='word_1_240' title='bbox 1646 2259 1678 2292; x_wconf 92' lang='lat' dir='ltr'>a</span> <span class='ocrx_word' id='word_1_241' title='bbox 1697 2238 1823 2308; x_wconf 82' lang='lat' dir='ltr'>Sep·</span> <span class='ocrx_word' id='word_1_242' title='bbox 1929 2244 1946 2253; x_wconf 70' lang='grc'><em>“</em></span> 
     </span>
    </p>
   </div>
   <div class='ocr_carea' id='block_1_11' title="bbox 211 2310 1822 2379">
    <p class='ocr_par' dir='ltr' id='par_1_12' title="bbox 211 2310 1822 2379">
     <span class='ocr_line' id='line_1_32' title="bbox 211 2310 1822 2379; baseline 0 -17"><span class='ocrx_word' id='word_1_243' title='bbox 211 2311 381 2378; x_wconf 88' lang='lat' dir='ltr'>timio,</span> <span class='ocrx_word' id='word_1_244' title='bbox 422 2312 619 2379; x_wconf 88' lang='lat' dir='ltr'>quippe</span> <span class='ocrx_word' id='word_1_245' title='bbox 657 2329 688 2362; x_wconf 91' lang='lat' dir='ltr'>a</span> <span class='ocrx_word' id='word_1_246' title='bbox 725 2328 830 2378; x_wconf 92' lang='lat' dir='ltr'>quo</span> <span class='ocrx_word' id='word_1_247' title='bbox 869 2311 927 2362; x_wconf 90' lang='lat' dir='ltr'>in</span> <span class='ocrx_word' id='word_1_248' title='bbox 965 2310 1281 2378; x_wconf 88' lang='lat' dir='ltr'>quibusdam</span> <span class='ocrx_word' id='word_1_249' title='bbox 1324 2311 1379 2363; x_wconf 93' lang='lat' dir='ltr'>in</span> <span class='ocrx_word' id='word_1_250' title='bbox 1421 2311 1628 2363; x_wconf 91' lang='lat' dir='ltr'>diversa</span> <span class='ocrx_word' id='word_1_251' title='bbox 1664 2310 1822 2363; x_wconf 88' lang='lat' dir='ltr'>abeat</span> 
     </span>
    </p>
   </div>
   <div class='ocr_carea' id='block_1_12' title="bbox 213 2379 1956 2518">
    <p class='ocr_par' dir='ltr' id='par_1_13' title="bbox 213 2378 1956 2518">
     <span class='ocr_line' id='line_1_33' title="bbox 213 2379 1824 2448; baseline -0.001 -15"><span class='ocrx_word' id='word_1_252' title='bbox 213 2384 266 2433; x_wconf 88' lang='lat' dir='ltr'>et</span> <span class='ocrx_word' id='word_1_253' title='bbox 303 2381 452 2433; x_wconf 91' lang='lat' dir='ltr'>cuius</span> <span class='ocrx_word' id='word_1_254' title='bbox 490 2380 687 2433; x_wconf 92' lang='lat' dir='ltr'>idcirco</span> <span class='ocrx_word' id='word_1_255' title='bbox 732 2384 974 2448; x_wconf 89' lang='lat' dir='ltr'>tempore</span> <span class='ocrx_word' id='word_1_256' title='bbox 1020 2380 1261 2432; x_wconf 89' lang='lat' dir='ltr'>nondum</span> <span class='ocrx_word' id='word_1_257' title='bbox 1307 2380 1544 2433; x_wconf 87' lang='lat' dir='ltr'>extitisse</span> <span class='ocrx_word' id='word_1_258' title='bbox 1581 2379 1824 2431; x_wconf 86' lang='lat' dir='ltr'>videatur</span> 
     </span>
     <span class='ocr_line' id='line_1_34' title="bbox 215 2448 1956 2518; baseline -0.001 -15"><span class='ocrx_word' id='word_1_259' title='bbox 215 2453 355 2502; x_wconf 91' lang='lat' dir='ltr'>certe</span> <span class='ocrx_word' id='word_1_260' title='bbox 394 2469 507 2503; x_wconf 93' lang='lat' dir='ltr'>non</span> <span class='ocrx_word' id='word_1_261' title='bbox 543 2451 600 2502; x_wconf 92' lang='lat' dir='ltr'>in</span> <span class='ocrx_word' id='word_1_262' title='bbox 640 2450 887 2503; x_wconf 89' lang='lat' dir='ltr'>omnibus</span> <span class='ocrx_word' id='word_1_263' title='bbox 936 2450 1324 2518; x_wconf 86' lang='lat' dir='ltr'>exemplaribus</span> <span class='ocrx_word' id='word_1_264' title='bbox 1371 2467 1545 2517; x_wconf 91' lang='lat' dir='ltr'>neque</span> <span class='ocrx_word' id='word_1_265' title='bbox 1595 2448 1726 2501; x_wconf 85' lang='lat' dir='ltr'>adeo</span> <span class='ocrx_word' id='word_1_266' title='bbox 1764 2448 1824 2501; x_wconf 89' lang='lat' dir='ltr'>in</span> <span class='ocrx_word' id='word_1_267' title='bbox 1920 2451 1956 2481; x_wconf 60' lang='lat'>³³</span> 
     </span>
    </p>
   </div>
   <div class='ocr_carea' id='block_1_13' title="bbox 213 2519 1823 2588">
    <p class='ocr_par' dir='ltr' id='par_1_14' title="bbox 213 2519 1823 2588">
     <span class='ocr_line' id='line_1_35' title="bbox 213 2519 1823 2588; baseline -0.001 -16"><span class='ocrx_word' id='word_1_268' title='bbox 213 2520 296 2588; x_wconf 88' lang='grc'><strong>118,</strong></span> <span class='ocrx_word' id='word_1_269' title='bbox 337 2538 472 2588; x_wconf 87' lang='lat' dir='ltr'>quae</span> <span class='ocrx_word' id='word_1_270' title='bbox 510 2521 569 2572; x_wconf 94' lang='lat' dir='ltr'>in</span> <span class='ocrx_word' id='word_1_271' title='bbox 595 2521 707 2572; x_wconf 92' lang='lat' dir='ltr'>eius</span> <span class='ocrx_word' id='word_1_272' title='bbox 744 2537 933 2571; x_wconf 91' lang='lat' dir='ltr'>manus</span> <span class='ocrx_word' id='word_1_273' title='bbox 960 2519 1287 2587; x_wconf 84' lang='lat' dir='ltr'>devenerint,</span> <span class='ocrx_word' id='word_1_274' title='bbox 1326 2519 1608 2587; x_wconf 89' lang='lat' dir='ltr'>epistolam</span> <span class='ocrx_word' id='word_1_275' title='bbox 1644 2520 1823 2571; x_wconf 90' lang='lat' dir='ltr'>autem</span> 
     </span>
    </p>
   </div>
   <div class='ocr_carea' id='block_1_14' title="bbox 216 2587 1826 2727">
    <p class='ocr_par' dir='ltr' id='par_1_15' title="bbox 216 2581 1956 2727">
     <span class='ocr_line' id='line_1_36' title="bbox 217 2587 1823 2659; baseline 0 -18"><span class='ocrx_word' id='word_1_276' title='bbox 217 2588 462 2658; x_wconf 82' lang='lat' dir='ltr'>Septimii</span> <span class='ocrx_word' id='word_1_277' title='bbox 488 2591 780 2659; x_wconf 88' lang='lat' dir='ltr'>genuinam</span> <span class='ocrx_word' id='word_1_278' title='bbox 818 2590 967 2641; x_wconf 80' lang='lat' dir='ltr'>esse“</span> <span class='ocrx_word' id='word_1_279' title='bbox 991 2590 1173 2641; x_wconf 90' lang='lat' dir='ltr'>multis</span> <span class='ocrx_word' id='word_1_280' title='bbox 1201 2589 1491 2641; x_wconf 88' lang='lat' dir='ltr'>contendit.</span> <span class='ocrx_word' id='word_1_281' title='bbox 1554 2587 1658 2641; x_wconf 81' lang='lat' dir='ltr'>Sed</span> <span class='ocrx_word' id='word_1_282' title='bbox 1693 2588 1823 2641; x_wconf 91' lang='lat' dir='ltr'>nolo</span> 
     </span>
     <span class='ocr_line' id='line_1_37' title="bbox 216 2658 1826 2727; baseline -0.001 -16"><span class='ocrx_word' id='word_1_283' title='bbox 216 2659 404 2711; x_wconf 87' lang='lat' dir='ltr'>inanes</span> <span class='ocrx_word' id='word_1_284' title='bbox 432 2660 544 2712; x_wconf 93' lang='lat' dir='ltr'>eius</span> <span class='ocrx_word' id='word_1_285' title='bbox 583 2660 914 2712; x_wconf 87' lang='lat' dir='ltr'>coniecturas</span> <span class='ocrx_word' id='word_1_286' title='bbox 939 2658 1042 2711; x_wconf 90' lang='lat' dir='ltr'>hoc</span> <span class='ocrx_word' id='word_1_287' title='bbox 1078 2659 1196 2712; x_wconf 92' lang='lat' dir='ltr'>loco</span> <span class='ocrx_word' id='word_1_288' title='bbox 1234 2662 1490 2727; x_wconf 90' lang='lat' dir='ltr'>repetere,</span> <span class='ocrx_word' id='word_1_289' title='bbox 1528 2658 1632 2711; x_wconf 90' lang='lat' dir='ltr'>hoc</span> <span class='ocrx_word' id='word_1_290' title='bbox 1656 2675 1826 2710; x_wconf 89' lang='lat' dir='ltr'>unum</span> 
     </span>
    </p>
   </div>
   <div class='ocr_carea' id='block_1_15' title="bbox 215 2727 1824 2797">
    <p class='ocr_par' dir='ltr' id='par_1_16' title="bbox 215 2727 1824 2797">
     <span class='ocr_line' id='line_1_38' title="bbox 215 2727 1824 2797; baseline 0 -17"><span class='ocrx_word' id='word_1_291' title='bbox 215 2732 428 2781; x_wconf 88' lang='lat' dir='ltr'>tantum</span> <span class='ocrx_word' id='word_1_292' title='bbox 447 2729 610 2782; x_wconf 90' lang='lat' dir='ltr'>addo:</span> <span class='ocrx_word' id='word_1_293' title='bbox 637 2729 1081 2797; x_wconf 88' lang='lat' dir='ltr'>quemadmodum</span> <span class='ocrx_word' id='word_1_294' title='bbox 1100 2729 1350 2781; x_wconf 88' lang='lat' dir='ltr'>historiae</span> <span class='ocrx_word' id='word_1_295' title='bbox 1369 2728 1581 2780; x_wconf 90' lang='lat' dir='ltr'>Daretis</span> <span class='ocrx_word' id='word_1_296' title='bbox 1599 2727 1824 2797; x_wconf 82' lang='lat' dir='ltr'>Phrygii</span> 
     </span>
    </p>
   </div>
   <div class='ocr_carea' id='block_1_16' title="bbox 112 2772 1956 2867">
    <p class='ocr_par' dir='ltr' id='par_1_17' title="bbox 112 2766 1956 2867">
     <span class='ocr_line' id='line_1_39' title="bbox 112 2772 1956 2867; baseline 0.001 -18"><span class='ocrx_word' id='word_1_297' title='bbox 112 2807 115 2809; x_wconf 82' lang='grc'><strong>’</strong></span> <span class='ocrx_word' id='word_1_298' title='bbox 217 2799 501 2866; x_wconf 88' lang='lat' dir='ltr'>epistolam</span> <span class='ocrx_word' id='word_1_299' title='bbox 548 2799 783 2852; x_wconf 84' lang='lat' dir='ltr'>Cornelii</span> <span class='ocrx_word' id='word_1_300' title='bbox 829 2798 1056 2867; x_wconf 88' lang='lat' dir='ltr'>Nepotis</span> <span class='ocrx_word' id='word_1_301' title='bbox 1103 2798 1170 2851; x_wconf 91' lang='lat' dir='ltr'>ad</span> <span class='ocrx_word' id='word_1_302' title='bbox 1218 2798 1554 2867; x_wconf 79' lang='lat' dir='ltr'>Sallustium,</span> <span class='ocrx_word' id='word_1_303' title='bbox 1609 2798 1687 2850; x_wconf 86' lang='lat' dir='ltr'>ita</span> <span class='ocrx_word' id='word_1_304' title='bbox 1734 2797 1824 2850; x_wconf 80' lang='lat' dir='ltr'>hjc</span> <span class='ocrx_word' id='word_1_305' title='bbox 1919 2772 1956 2862; x_wconf 58' lang='grc' dir='ltr'>ἐ</span> 
     </span>
    </p>
   </div>
   <div class='ocr_carea' id='block_1_17' title="bbox 217 2867 1424 2937">
    <p class='ocr_par' dir='ltr' id='par_1_18' title="bbox 217 2867 1424 2937">
     <span class='ocr_line' id='line_1_40' title="bbox 217 2867 1424 2937; baseline 0.001 -17"><span class='ocrx_word' id='word_1_306' title='bbox 217 2867 462 2936; x_wconf 82' lang='lat' dir='ltr'>Septimii</span> <span class='ocrx_word' id='word_1_307' title='bbox 503 2868 568 2921; x_wconf 91' lang='lat' dir='ltr'>ad</span> <span class='ocrx_word' id='word_1_308' title='bbox 605 2869 864 2921; x_wconf 86' lang='lat' dir='ltr'>Aradium</span> <span class='ocrx_word' id='word_1_309' title='bbox 900 2869 1258 2937; x_wconf 85' lang='lat' dir='ltr'>praepositam</span> <span class='ocrx_word' id='word_1_310' title='bbox 1296 2886 1424 2921; x_wconf 89' lang='lat' dir='ltr'>esse.</span> 
     </span>
    </p>
   </div>
  </div>
 </body>
</html>
