1956 3178
0 0 6 23 ι
136 0 215 26 ⁶³⁴⁷

15 0 134 153 F
163 107 166 110 ’
550 129 737 171 Banu
766 129 1020 172 TRo1AN1
1049 129 1167 171 LIB.
1196 130 1282 173 111.
1659 129 1726 183 57

114 254 376 307 exercitus
414 254 614 308 cadunt
648 255 868 323 plurimi
912 273 1087 324 neque
1133 254 1355 308 fortuna
1390 254 1522 308 belli
1558 258 1729 308 muta-

111 328 216 378 tur.
292 324 383 378 sed
428 328 715 394 postquam
761 325 914 378 miles
970 343 1068 394 per
1114 325 1344 378 multum
1399 325 1539 378 diem
1584 326 1728 379 bello

27 398 32 402 ’
111 395 354 448 intentus
390 396 563 466 magis
599 395 877 466 magisque
923 396 1253 466 fatigabatur
1300 399 1354 449 et
1398 396 1503 449 diei
1541 415 1730 465 vesper

24 491 26 493 >
113 468 251 534 erat,
291 466 529 535 utrisque
568 467 906 535 cupientibus
943 484 1129 536 pugna
1166 466 1456 520 decessum.

251 535 345 589 IX.
407 536 544 589 Tum
590 537 732 605 apud
769 537 986 590 Troiam
1036 538 1175 590 circa
1213 536 1537 607 Sarpedonis
1576 537 1725 591 cada·
1748 553 1769 585 5

111 624 206 659 ver
242 607 445 660 cunctis
494 607 813 661 deflentibus
860 626 920 660 ac
957 609 1242 677 praecipue
1288 609 1531 677 feminiS,
1580 609 1729 662 luctu

111 679 271 746 atque
319 678 523 747 gemitu
572 679 753 731 omnia
802 679 1070 747 completa
1116 682 1265 747 sunt,
1318 680 1437 747 quis
1484 697 1598 732 non
1635 679 1728 732 alii

111 764 264 800 casus
321 749 673 816 acerbissimi,
744 749 807 802 de
874 750 1095 802 interitu
1152 749 1545 802 Priamidarum
1599 768 1727 819 prae

111 817 370 872 desiderio
410 819 523 871 eius
568 819 715 872 cordi
752 820 1074 873 insederant.
1150 823 1363 873 tantum
1410 821 1469 873 in
1507 839 1570 873 eo
1609 822 1726 874 viro

147 888 434 942 raesidium
483 893 537 942 et
582 891 865 943 interfecto
905 909 1024 960 spes
1062 891 1241 943 ablata
1278 891 1607 944 credebatur.
1671 895 1727 944 at
1749 909 1791 940 10

161 960 302 1012 raeci
337 960 395 1012 in
434 964 606 1013 castra
641 963 870 1031 regressi
905 962 1139 1031 primum
1178 962 1420 1015 omnium
1456 962 1727 1014 Achillem

109 1030 352 1083 revisunt
388 1048 614 1100 eumque
653 1031 716 1084 de
742 1033 964 1085 vulnere
993 1034 1310 1101 percontati,
1350 1033 1443 1085 ubi
1482 1033 1597 1085 sine
1637 1033 1726 1086 do-

109 1100 224 1153 lore
333 1119 420 1154 ere
457 1102 658 1171 vident,
696 1102 825 1155 laeti
862 1104 929 1156 ad
965 1106 1296 1172 postremum
1332 1122 1551 1156 narrare
1590 1104 1726 1156 occi-

109 1171 269 1240 piunt
351 1172 540 1224 atrocli
586 1172 729 1225 facta
774 1173 962 1242 fortia,
1010 1174 1134 1227 dein
1171 1174 1407 1243 reliquos
1418 1216 1433 1243 ,
1483 1175 1575 1242 qui
1612 1174 1726 1227 vul-

109 1241 283 1294 nerati
322 1246 489 1312 erant,
527 1261 623 1311 per
661 1244 903 1297 ordinem
940 1244 1296 1297 circumeunt:
1345 1245 1422 1298 ita
1458 1245 1722 1313 inspecta·
1746 1260 1788 1293 15

109 1312 180 1364 tis
227 1312 474 1366 omnibus
541 1314 608 1366 ad
665 1315 900 1367 tentoria
966 1334 1061 1367 sua
1128 1316 1354 1384 quisque
1411 1315 1723 1385 digreditur.

109 1382 326 1435 interim
363 1383 602 1436 Achilles
638 1402 939 1455 regressum
966 1386 1277 1439 Patroclum
1317 1386 1573 1439 extollere
1613 1387 1724 1439 lau-

110 1452 293 1521 dibus,
341 1453 465 1506 dein
501 1454 746 1523 monere,
795 1456 875 1508 uti
926 1457 1134 1525 reliquo
1186 1475 1399 1525 quoque
1437 1457 1580 1510 bello
1618 1476 1726 1510 me-

109 1541 228 1576 mor
263 1541 457 1592 rerum,
496 1543 627 1594 quas
703 1530 917 1596 esserat,
955 1527 1202 1580 hostibus
1237 1527 1609 1580 vehementius
1646 1528 1725 1580 in-

22 1624 23 1628 =
110 1597 339 1663 grueret.
415 1597 518 1648 hoc
555 1614 643 1648 mo
684 1615 715 1649 o
753 1615 863 1649 nox
901 1599 1247 1651 consumitur.
1313 1601 1368 1650 at
1405 1598 1542 1651 lucis
1578 1599 1725 1667 prin·
1747 1614 1792 1646 20

110 1664 250 1733 cipio
290 1682 517 1733 corpora
542 1684 760 1719 suorum
787 1668 1013 1738 quisque
1051 1669 1276 1722 collecta
1313 1669 1430 1738 igni
1469 1673 1724 1738 cremant,

111 1733 234 1788 dein
270 1736 551 1804 sepeliunt.
627 1738 718 1790 sed
762 1741 1049 1808 postquam
1097 1738 1207 1792 dies
1255 1738 1464 1808 aliquot
1509 1740 1625 1793 triti
1672 1743 1726 1793 et

109 1805 377 1858 vulnerati
415 1807 823 1878 convaluerant,
862 1828 1012 1862 arma
1050 1809 1296 1879 expedire
1335 1813 1389 1862 et
1425 1811 1723 1879 producere

107 1875 334 1929 militem
370 1877 560 1945 placet.

249 1945 315 1999 X.
388 1946 492 2001 Sed
537 1948 752 2001 barbari
797 1968 945 2003 more
990 1951 1221 2019 pessimo
1279 1968 1378 2003 nec
1435 1952 1722 2020 quicquam
1745 1966 1790 1999 25

110 2018 496 2086 compositum,
544 2019 683 2072 nihil
729 2020 876 2072 aliud
932 2039 1089 2090 quam
1138 2022 1354 2074 turbata
1390 2024 1550 2090 atque
1598 2022 1726 2074 insi-

109 2086 263 2141 diosa
306 2089 580 2157 cupientes
648 2090 786 2142 clam
842 2094 1002 2160 atque
1066 2095 1191 2144 ante
1258 2096 1469 2160 tempus
1526 2093 1726 2162 egressi

109 2158 374 2226 proelium
422 2163 786 2227 praevertere:
843 2164 1080 2230 tuncque
1129 2162 1282 2215 effusi
1338 2163 1525 2215 ruinae
1563 2163 1723 2216 modo

110 2227 398 2281 clamorem
434 2229 770 2283 inconditum
807 2231 967 2285 simul
1017 2236 1071 2285 et
1117 2233 1225 2286 tela
1270 2233 1330 2285 in
1374 2233 1558 2286 hostes
1597 2251 1720 2287 con-

109 2298 281 2352 iciunt
306 2317 592 2354 semermos
618 2301 778 2355 etiam
806 2305 922 2355 tum
950 2306 1110 2372 atque
1136 2304 1538 2373 incompositos,
1583 2304 1722 2357 caesi
1744 2319 1788 2352 30

60 2418 68 2419 ff
108 2368 288 2438 itaque
334 2373 642 2424 nostrorum
689 2372 872 2442 multi,
927 2374 986 2426 in
1032 2375 1152 2443 quis
1198 2374 1505 2427 Arcesilaus
1552 2373 1725 2427 Boeo-

107 2438 216 2492 tius
255 2443 309 2493 et
346 2439 604 2495 Schedius
640 2441 1000 2496 Grissaeorum
1037 2448 1261 2514 uterque
1300 2445 1458 2497 duces
1507 2445 1722 2513 optimi:

110 2513 343 2563 ceterum
390 2512 671 2566 vulnerata
730 2532 853 2582 pars
909 2515 1166 2584 maxima,
1217 2515 1399 2580 Meqes
1457 2515 1618 2568 etiam
1668 2520 1723 2568 et

223 2696 250 2736 8
280 2709 338 2736 ne
377 2697 594 2739 interitus
627 2699 807 2751 quidem
840 2700 882 2739 P
994 2702 1019 2741 9
1045 2701 1154 2741 uiuo
1189 2699 1418 2741 Obrecktus
1449 2706 1490 2741 et
1521 2702 1725 2743 Andreas

109 2751 320 2792 Dacerius
453 2756 508 2796 30
538 2767 586 2796 se
627 2768 828 2796 emersos
862 2756 940 2797 GB
1011 2758 1276 2797 semiermes
1307 2757 1349 2796 P
1385 2763 1572 2799 nostrum
1603 2758 1723 2799 Mer-

59 2847 74 2855 „
110 2819 234 2847 cerus
321 2810 372 2849 31
407 2810 697 2852 archesilaus
732 2812 810 2852 GB
906 2814 958 2853 32
992 2812 1203 2854 scaedius
1228 2813 1263 2853 G
1322 2814 1502 2855 scedius
1534 2814 1576 2854 B
1601 2813 1608 2865 Ι
1635 2818 1725 2854 tre—

3 2907 5 2909 ,
109 2874 290 2904 seor-um
325 2864 404 2905 GB
465 2879 723 2908 creseorum
753 2868 796 2908 P
852 2869 1165 2910 Crissaeorum
1204 2869 1429 2911 Mercerus
1545 2873 1598 2912 33
1628 2883 1723 2912 mes

0 2963 6 2969 ‚
113 2918 193 2959 GB
251 2920 444 2962 Ameces
476 2923 516 2962 P
571 2924 730 2975 Meges
762 2926 865 2966 edit.
904 2926 1054 2966 Venet.
1085 2925 1210 2966 1499.
