1956 3178
301 207 388 244 XII

301 320 479 371 autem
523 318 699 386 ipsum
745 333 813 368 ne
858 315 1150 383 inspexisse
1199 313 1438 383 quidem:
1487 313 1550 366 de
1589 331 1695 382 qua
1725 330 1783 366 re
1820 312 1910 384 egi
1944 339 1956 343 ·

299 389 335 440 l.
373 388 408 440 l.
446 406 497 456 p.
539 389 623 439 29.
684 385 833 438 Idem
858 386 1037 438 nescio
1065 403 1136 437 an
1163 385 1225 436 de
1262 384 1508 436 Guidone
1547 383 1610 436 de
1646 382 1911 437 Columna

299 458 472 510 iudice
519 456 874 521 Messanensi,
928 456 1019 524 qui
1075 455 1355 507 historiam
1401 453 1799 507 celeberrimam
1853 457 1942 513 et·

302 528 662 580 doctissimam
708 526 1082 579 destructionis
1130 525 1320 577 Troiae
1360 543 1502 578 anno
1545 523 1682 577 1282
1717 523 1909 594 lingua

300 597 495 650 Latina
548 598 821 666 eleganter
873 597 1125 664 scriptam
1181 595 1370 663 edidit,
1426 594 1771 647 iudicandum
1821 594 1914 664 sit,

301 668 542 736 quamvis
589 668 702 735 ipse
756 666 937 718 laudet
983 666 1196 718 Daretis
1247 669 1407 734 atque
1454 665 1663 734 Dictyis
1717 681 1910 734 graece

301 738 525 806 scriptos
562 737 728 790 libros
767 756 798 789 a
838 735 1088 790 Cornelio
1126 739 1323 804 nepote
1350 734 1589 789 Sallustii
1627 735 1908 787 clarissimi

299 808 461 860 nimis
497 808 729 860 breviter
765 807 1070 859 translatos,
1132 805 1299 858 Plane
1338 824 1401 858 ex
1439 824 1502 858 eo
1539 805 1777 874 pendent
1813 805 1906 874 qui

302 878 415 930 eius
470 878 750 930 historiam
811 878 869 930 in
923 880 1159 929 nostram
1215 877 1457 928 linouam
1517 875 1911 928 transtulerunt

300 948 336 1001 J
341 966 541 1000 oannes
562 948 701 999 Mair
722 947 1166 1017 Noerdlingensis
1193 950 1246 998 et
1270 918 1535 999 ffenficus
1555 945 1911 999 Brunsvicen-

303 1019 390 1086 siS,
429 1018 536 1086 qui,
576 1036 697 1070 cum
732 1018 787 1069 id
825 1018 924 1069 sibi
961 1018 1382 1085 proposuissent,
1420 1020 1481 1069 ut
1508 1016 1769 1069 Guidom‘s
1807 1015 1911 1069 ele-

302 1091 520 1157 gantem
549 1088 778 1156 quidem,
816 1088 875 1139 in
901 1086 1217 1155 quibusdam
1255 1090 1433 1139 autem
1460 1086 1753 1140 doctiorem
1787 1104 1908 1139 nar-

299 1158 563 1210 rationem
599 1158 948 1226 popularibus
986 1157 1095 1209 suis
1122 1157 1464 1225 explicarent,
1502 1157 1654 1210 fonte
1691 1174 1804 1226 SUO,
1843 1173 1910 1208 ex

301 1246 407 1296 quo
461 1228 806 1293 hauriebant,
869 1228 996 1279 satis
1046 1227 1288 1280 contenti
1343 1227 1507 1279 alium
1561 1245 1675 1279 non
1733 1226 1910 1295 requi-

299 1299 503 1350 rebant.

443 1367 644 1421 Contra
689 1366 1001 1420 Konradum
1053 1367 1115 1419 de
1164 1366 1524 1436 VirceburgO,
1587 1366 1673 1418 vel
1725 1366 1910 1435 potius
1949 1414 1956 1418 .

302 1456 437 1506 eum,
477 1438 568 1506 qui
607 1438 718 1489 eius
757 1455 890 1506 opus
916 1437 1266 1505 continuavit,
1303 1436 1494 1505 Dictye
1521 1436 1716 1489 Latino
1753 1454 1914 1495 usum

300 1526 439 1576 esse,
476 1508 758 1576 praecipue
797 1511 945 1560 sexto
985 1508 1096 1559 eius
1134 1508 1271 1560 libro
1317 1525 1429 1559 non
1468 1510 1547 1559 est
1572 1506 1715 1575 quod
1750 1523 1910 1576 nege-

300 1596 434 1646 mus,
473 1578 538 1630 cf.
578 1596 677 1630 nos
714 1578 750 1630 l.
788 1578 823 1629 l.
862 1596 914 1645 p.
953 1578 1039 1630 35.

439 1648 504 1700 In
529 1648 859 1700 restituendo
884 1650 1034 1699 textu
1061 1665 1218 1715 quem
1255 1646 1440 1699 dicunt
1475 1646 1748 1715 scriptoris
1774 1647 1906 1700 haec

299 1717 432 1770 mihi
468 1718 731 1786 praesidia
766 1721 979 1785 praesto
1017 1718 1262 1769 fuerunt:

442 1788 489 1840 Gr
546 1787 725 1841 Codex
781 1786 1143 1856 Sangallensis
1199 1787 1247 1838 D
1300 1800 1353 1839 11.
1400 1786 1506 1839 205
1552 1786 1907 1840 bibliothecae

298 1858 615 1911 Monasterii
674 1875 807 1910 saec.
855 1857 934 1910 IX
981 1858 1067 1909 vel
1114 1857 1190 1924 X,
1241 1857 1334 1925 qui
1380 1857 1568 1925 quanti
1623 1856 1693 1909 sit
1744 1857 1906 1925 pretii

298 1946 443 1980 nunc
482 1928 694 1980 demum
732 1929 947 1997 egregia
984 1927 1286 1980 Woelffiini
1325 1945 1487 1995 opera
1524 1927 1775 1996 cognosci
1811 1945 1906 1996 po-

298 2002 418 2067 test,
458 1999 549 2066 qui
587 2016 707 2050 eum
745 2016 913 2065 usque
951 1999 1017 2050 ad
1052 1998 1107 2050 II
1143 1998 1213 2050 50
1249 1997 1381 2049 mihi
1419 1998 1664 2066 contulit,
1701 1997 1909 2066 reliqua

300 2069 365 2119 ab
402 2068 603 2120 Adolfo
628 2068 801 2137 Kaegi
838 2067 1161 2120 conferenda
1199 2068 1418 2120 curavit.
1455 2067 1600 2120 hunc
1635 2068 1693 2119 in
1729 2084 1908 2120 recen-

300 2138 462 2190 sendo
509 2139 646 2189 libro
711 2138 897 2189 ducem
952 2156 1217 2190 assumere
1273 2156 1610 2206 nequaquam
1666 2137 1907 2193 dubitavi

299 2225 525 2276 eumque
573 2207 924 2259 certissimum
973 2208 1161 2260 ducem
1209 2226 1322 2260 esse
1368 2208 1604 2261 confido:
1649 2207 1907 2264 lectiones
1952 2217 1956 2219 ’

302 2277 413 2329 eius
452 2277 810 2345 discrepantes
846 2277 1074 2329 fideliter
1109 2279 1311 2330 notavi.
1864 2286 1867 2289 ’
1946 2314 1956 2331 2

439 2346 486 2398 B
527 2346 654 2399 God.
683 2347 969 2399 Bernensis
1006 2366 1060 2400 n.
1087 2348 1189 2400 367
1228 2347 1520 2400 saec.XIII
1543 2346 1906 2400 intercedente
1938 2348 1956 2370 ''-

298 2415 610 2469 Hermanno
635 2416 862 2486 Hageno
901 2417 1126 2469 collatus
1164 2436 1195 2469 a
1219 2417 1418 2470 Kurzio
1445 2417 1667 2470 minoris
1692 2415 1907 2485 quidem

298 2486 455 2553 pretii
495 2486 585 2538 sed
623 2487 842 2539 omnino
869 2505 981 2539 non
1019 2487 1362 2555 spernenduS,
1400 2486 1645 2555 inprimis
1669 2486 1735 2538 iis
1772 2485 1905 2541 locis

300 2556 491 2621 quibus
541 2555 943 2626 Sangallensem
1000 2575 1173 2609 errare
1222 2556 1564 2610 manifestum
1614 2558 1708 2608 est.
1781 2552 1902 2608 Etsi
1954 2608 1956 2611 ,

298 2643 410 2677 non
460 2628 815 2678 necessarium
862 2627 995 2678 mihi
1032 2627 1202 2679 visum
1245 2630 1324 2679 est
1361 2643 1544 2679 omnes
1582 2626 1694 2678 eius
1730 2625 1905 2679 varias

298 2694 553 2747 lectiones
592 2696 876 2764 adnotare,
917 2697 1059 2764 quod
1095 2697 1264 2749 multa
1299 2695 1661 2767 negligentiae
1698 2694 1903 2749 scribae

298 2763 645 2816 adscribenda
669 2770 808 2834 sunt,
847 2766 952 2818 alia
988 2766 1232 2819 consulto
1260 2766 1508 2819 videntur
1543 2767 1749 2818 mutata
1773 2781 1902 2834 esse,

297 2851 409 2885 non
454 2853 574 2886 raro
627 2838 808 2887 tamen
863 2853 984 2888 eum
1028 2837 1266 2904 laudavi,
1320 2835 1603 2904 praecipue
1652 2835 1745 2888 ubi
1782 2852 1902 2888 cum
1951 2891 1954 2896 ,

298 2903 411 2955 cod.
452 2902 787 2973 Sangallensi
825 2907 1106 2958 consentit.
