<?xml version="1.0" encoding="UTF-8"?>
<!DOCTYPE html PUBLIC "-//W3C//DTD XHTML 1.0 Transitional//EN"
    "http://www.w3.org/TR/xhtml1/DTD/xhtml1-transitional.dtd">
<html xmlns="http://www.w3.org/1999/xhtml" xml:lang="en" lang="en">
 <head>
  <title>
</title>
<meta http-equiv="Content-Type" content="text/html;charset=utf-8" />
  <meta name='ocr-system' content='tesseract 3.04.00' />
  <meta name='ocr-capabilities' content='ocr_page ocr_carea ocr_par ocr_line ocrx_word'/>
</head>
<body>
  <div class='ocr_page' id='page_1' title='image "./dictyscretensise00dictuoft_0231.png"; bbox 0 0 1956 3178; ppageno 0'>
   <div class='ocr_carea' id='block_1_1' title="bbox 246 118 1819 169">
    <p class='ocr_par' dir='ltr' id='par_1_1' title="bbox 246 118 1819 169">
     <span class='ocr_line' id='line_1_1' title="bbox 246 118 1819 169; baseline -0.003 -3"><span class='ocrx_word' id='word_1_1' title='bbox 246 121 509 167; x_wconf 84' lang='lat' dir='ltr'>DARETIS</span> <span class='ocrx_word' id='word_1_2' title='bbox 529 120 782 166; x_wconf 82' lang='lat' dir='ltr'>PHRYGII</span> <span class='ocrx_word' id='word_1_3' title='bbox 799 119 878 164; x_wconf 87' lang='lat' dir='ltr'>DE</span> <span class='ocrx_word' id='word_1_4' title='bbox 898 120 1148 166; x_wconf 86' lang='lat' dir='ltr'>EXCIDIO</span> <span class='ocrx_word' id='word_1_5' title='bbox 1168 119 1394 165; x_wconf 83' lang='lat' dir='ltr'>TROIAE</span> <span class='ocrx_word' id='word_1_6' title='bbox 1416 118 1717 163; x_wconf 77' lang='lat' dir='ltr'>HISTORIA.</span> <span class='ocrx_word' id='word_1_7' title='bbox 1786 118 1819 169; x_wconf 84' lang='lat'><strong>3</strong></span> 
     </span>
    </p>
   </div>
   <div class='ocr_carea' id='block_1_2' title="bbox 160 239 1889 2230">
    <p class='ocr_par' dir='ltr' id='par_1_2' title="bbox 160 239 1889 1492">
     <span class='ocr_line' id='line_1_2' title="bbox 162 239 1820 311; baseline -0.002 -16"><span class='ocrx_word' id='word_1_8' title='bbox 162 242 513 296; x_wconf 75' lang='lat' dir='ltr'>architectum</span> <span class='ocrx_word' id='word_1_9' title='bbox 560 241 737 295; x_wconf 90' lang='lat' dir='ltr'>vocari</span> <span class='ocrx_word' id='word_1_10' title='bbox 784 241 942 294; x_wconf 89' lang='lat' dir='ltr'>iussit</span> <span class='ocrx_word' id='word_1_11' title='bbox 991 244 1045 294; x_wconf 93' lang='lat' dir='ltr'>et</span> <span class='ocrx_word' id='word_1_12' title='bbox 1091 242 1139 294; x_wconf 90' lang='lat' dir='ltr'>ei</span> <span class='ocrx_word' id='word_1_13' title='bbox 1186 240 1491 311; x_wconf 88' lang='lat' dir='ltr'>imperavit,</span> <span class='ocrx_word' id='word_1_14' title='bbox 1531 242 1592 292; x_wconf 92' lang='lat' dir='ltr'>ut</span> <span class='ocrx_word' id='word_1_15' title='bbox 1637 239 1820 291; x_wconf 86' lang='lat' dir='ltr'><strong>navim</strong></span> 
     </span>
     <span class='ocr_line' id='line_1_3' title="bbox 163 311 1818 385; baseline -0.002 -17"><span class='ocrx_word' id='word_1_16' title='bbox 163 315 468 369; x_wconf 89' lang='lat' dir='ltr'>aedificaret</span> <span class='ocrx_word' id='word_1_17' title='bbox 506 333 667 385; x_wconf 91' lang='lat' dir='ltr'>quam</span> <span class='ocrx_word' id='word_1_18' title='bbox 699 315 1113 384; x_wconf 79' lang='lat' dir='ltr'>pulcherrimam</span> <span class='ocrx_word' id='word_1_19' title='bbox 1139 314 1206 368; x_wconf 91' lang='lat' dir='ltr'>ad</span> <span class='ocrx_word' id='word_1_20' title='bbox 1230 315 1564 368; x_wconf 90' lang='lat' dir='ltr'>voluntatem</span> <span class='ocrx_word' id='word_1_21' title='bbox 1591 311 1818 365; x_wconf 89' lang='lat' dir='ltr'>Iasonis.</span> 
     </span>
     <span class='ocr_line' id='line_1_4' title="bbox 163 386 1820 458; baseline -0.002 -16"><span class='ocrx_word' id='word_1_22' title='bbox 163 407 259 458; x_wconf 86' lang='lat' dir='ltr'>per</span> <span class='ocrx_word' id='word_1_23' title='bbox 296 393 468 443; x_wconf 88' lang='lat' dir='ltr'>totam</span> <span class='ocrx_word' id='word_1_24' title='bbox 501 388 781 442; x_wconf 82' lang='lat' dir='ltr'>Graeciam</span> <span class='ocrx_word' id='word_1_25' title='bbox 819 407 1003 442; x_wconf 91' lang='lat' dir='ltr'>rumor</span> <span class='ocrx_word' id='word_1_26' title='bbox 1041 389 1274 442; x_wconf 73' lang='lat' dir='ltr'>cucurrit</span> <span class='ocrx_word' id='word_1_27' title='bbox 1312 388 1493 441; x_wconf 85' lang='lat' dir='ltr'>navim</span> <span class='ocrx_word' id='word_1_28' title='bbox 1535 386 1820 453; x_wconf 90' lang='lat' dir='ltr'>aedificari,</span> 
     </span>
     <span class='ocr_line' id='line_1_5' title="bbox 163 460 1819 533; baseline -0.002 -17"><span class='ocrx_word' id='word_1_29' title='bbox 163 464 221 516; x_wconf 89' lang='lat' dir='ltr'>in</span> <span class='ocrx_word' id='word_1_30' title='bbox 270 481 375 533; x_wconf 91' lang='lat' dir='ltr'>qua</span> <span class='ocrx_word' id='word_1_31' title='bbox 421 462 650 518; x_wconf 84' lang='lat' dir='ltr'>Colchos</span> <span class='ocrx_word' id='word_1_32' title='bbox 698 465 787 516; x_wconf 90' lang='lat' dir='ltr'>eat</span> <span class='ocrx_word' id='word_1_33' title='bbox 835 461 998 516; x_wconf 88' lang='lat' dir='ltr'>Iason</span> <span class='ocrx_word' id='word_1_34' title='bbox 1053 463 1248 532; x_wconf 91' lang='lat' dir='ltr'>pellem</span> <span class='ocrx_word' id='word_1_35' title='bbox 1305 479 1521 515; x_wconf 87' lang='lat' dir='ltr'>auream</span> <span class='ocrx_word' id='word_1_36' title='bbox 1575 460 1819 530; x_wconf 88' lang='lat' dir='ltr'>petitum.</span> 
     </span>
     <span class='ocr_line' id='line_1_6' title="bbox 163 535 1864 606; baseline -0.002 -17"><span class='ocrx_word' id='word_1_37' title='bbox 163 537 323 590; x_wconf 89' lang='lat' dir='ltr'>amici</span> <span class='ocrx_word' id='word_1_38' title='bbox 354 540 409 590; x_wconf 92' lang='lat' dir='ltr'>et</span> <span class='ocrx_word' id='word_1_39' title='bbox 445 537 685 606; x_wconf 83' lang='lat' dir='ltr'>hospites</span> <span class='ocrx_word' id='word_1_40' title='bbox 726 535 794 589; x_wconf 92' lang='lat' dir='ltr'>ad</span> <span class='ocrx_word' id='word_1_41' title='bbox 826 535 1075 590; x_wconf 84' lang='lat' dir='ltr'>Iasonem</span> <span class='ocrx_word' id='word_1_42' title='bbox 1111 539 1374 589; x_wconf 89' lang='lat' dir='ltr'>venerunt</span> <span class='ocrx_word' id='word_1_43' title='bbox 1405 540 1459 589; x_wconf 90' lang='lat' dir='ltr'>et</span> <span class='ocrx_word' id='word_1_44' title='bbox 1496 535 1818 604; x_wconf 85' lang='lat' dir='ltr'>pollicentur</span> <span class='ocrx_word' id='word_1_45' title='bbox 1845 547 1864 578; x_wconf 77' lang='lat'>5</span> 
     </span>
     <span class='ocr_line' id='line_1_7' title="bbox 165 609 1820 680; baseline -0.002 -17"><span class='ocrx_word' id='word_1_46' title='bbox 165 628 221 663; x_wconf 91' lang='lat' dir='ltr'>se</span> <span class='ocrx_word' id='word_1_47' title='bbox 258 629 368 664; x_wconf 91' lang='lat' dir='ltr'>una</span> <span class='ocrx_word' id='word_1_48' title='bbox 399 611 584 664; x_wconf 74' lang='lat' dir='ltr'>ituros</span> <span class='ocrx_word' id='word_1_49' title='bbox 645 610 809 663; x_wconf 90' lang='lat' dir='ltr'>Iason</span> <span class='ocrx_word' id='word_1_50' title='bbox 846 611 954 663; x_wconf 87' lang='lat' dir='ltr'>illis</span> <span class='ocrx_word' id='word_1_51' title='bbox 996 610 1199 680; x_wconf 86' lang='lat' dir='ltr'>gratias</span> <span class='ocrx_word' id='word_1_52' title='bbox 1240 610 1352 680; x_wconf 90' lang='lat' dir='ltr'>egit</span> <span class='ocrx_word' id='word_1_53' title='bbox 1391 613 1446 662; x_wconf 93' lang='lat' dir='ltr'>et</span> <span class='ocrx_word' id='word_1_54' title='bbox 1483 609 1719 679; x_wconf 87' lang='lat' dir='ltr'>rogavit,</span> <span class='ocrx_word' id='word_1_55' title='bbox 1759 612 1820 661; x_wconf 90' lang='lat' dir='ltr'>ut</span> 
     </span>
     <span class='ocr_line' id='line_1_8' title="bbox 163 682 1817 753; baseline -0.001 -17"><span class='ocrx_word' id='word_1_56' title='bbox 163 685 339 753; x_wconf 84' lang='lat' dir='ltr'>parati</span> <span class='ocrx_word' id='word_1_57' title='bbox 371 687 550 738; x_wconf 87' lang='lat' dir='ltr'>essent</span> <span class='ocrx_word' id='word_1_58' title='bbox 582 702 702 737; x_wconf 92' lang='lat' dir='ltr'>cum</span> <span class='ocrx_word' id='word_1_59' title='bbox 726 686 939 753; x_wconf 90' lang='lat' dir='ltr'>tempus</span> <span class='ocrx_word' id='word_1_60' title='bbox 966 684 1384 753; x_wconf 85' lang='lat' dir='ltr'>supervenisset:</span> <span class='ocrx_word' id='word_1_61' title='bbox 1426 683 1633 736; x_wconf 89' lang='lat' dir='ltr'>interea</span> <span class='ocrx_word' id='word_1_62' title='bbox 1664 682 1817 735; x_wconf 86' lang='lat' dir='ltr'>navis</span> 
     </span>
     <span class='ocr_line' id='line_1_9' title="bbox 162 755 1817 826; baseline -0.001 -16"><span class='ocrx_word' id='word_1_63' title='bbox 162 758 471 812; x_wconf 88' lang='lat' dir='ltr'>aedificatur</span> <span class='ocrx_word' id='word_1_64' title='bbox 509 761 564 810; x_wconf 92' lang='lat' dir='ltr'>et</span> <span class='ocrx_word' id='word_1_65' title='bbox 602 776 723 811; x_wconf 90' lang='lat' dir='ltr'>cum</span> <span class='ocrx_word' id='word_1_66' title='bbox 762 761 974 826; x_wconf 91' lang='lat' dir='ltr'>tempus</span> <span class='ocrx_word' id='word_1_67' title='bbox 1015 758 1144 811; x_wconf 91' lang='lat' dir='ltr'>anni</span> <span class='ocrx_word' id='word_1_68' title='bbox 1185 757 1606 826; x_wconf 87' lang='lat' dir='ltr'>supervenisset,</span> <span class='ocrx_word' id='word_1_69' title='bbox 1652 755 1817 810; x_wconf 90' lang='lat' dir='ltr'>Iason</span> 
     </span>
     <span class='ocr_line' id='line_1_10' title="bbox 162 831 1816 901; baseline -0.001 -17"><span class='ocrx_word' id='word_1_70' title='bbox 162 831 369 885; x_wconf 89' lang='lat' dir='ltr'>litteras</span> <span class='ocrx_word' id='word_1_71' title='bbox 403 831 471 884; x_wconf 89' lang='lat' dir='ltr'>ad</span> <span class='ocrx_word' id='word_1_72' title='bbox 503 849 592 885; x_wconf 90' lang='lat' dir='ltr'>eos</span> <span class='ocrx_word' id='word_1_73' title='bbox 633 831 801 899; x_wconf 81' lang='lat' dir='ltr'>misit,</span> <span class='ocrx_word' id='word_1_74' title='bbox 842 831 933 901; x_wconf 91' lang='lat' dir='ltr'>qui</span> <span class='ocrx_word' id='word_1_75' title='bbox 965 835 1120 884; x_wconf 90' lang='lat' dir='ltr'>erant</span> <span class='ocrx_word' id='word_1_76' title='bbox 1158 831 1384 900; x_wconf 90' lang='lat' dir='ltr'>polliciti</span> <span class='ocrx_word' id='word_1_77' title='bbox 1417 848 1532 883; x_wconf 86' lang='lat' dir='ltr'>sese</span> <span class='ocrx_word' id='word_1_78' title='bbox 1565 848 1674 883; x_wconf 90' lang='lat' dir='ltr'>una</span> <span class='ocrx_word' id='word_1_79' title='bbox 1713 831 1816 882; x_wconf 91' lang='lat' dir='ltr'>itu-</span> 
     </span>
     <span class='ocr_line' id='line_1_11' title="bbox 162 904 1887 973; baseline -0.001 -15"><span class='ocrx_word' id='word_1_80' title='bbox 162 923 249 958; x_wconf 88' lang='lat' dir='ltr'>ros</span> <span class='ocrx_word' id='word_1_81' title='bbox 289 908 344 958; x_wconf 94' lang='lat' dir='ltr'>et</span> <span class='ocrx_word' id='word_1_82' title='bbox 379 905 502 959; x_wconf 89' lang='lat' dir='ltr'>ilico</span> <span class='ocrx_word' id='word_1_83' title='bbox 534 908 899 958; x_wconf 91' lang='lat' dir='ltr'>convenerunt</span> <span class='ocrx_word' id='word_1_84' title='bbox 931 904 998 957; x_wconf 89' lang='lat' dir='ltr'>ad</span> <span class='ocrx_word' id='word_1_85' title='bbox 1029 922 1243 973; x_wconf 90' lang='lat' dir='ltr'>navem,</span> <span class='ocrx_word' id='word_1_86' title='bbox 1283 904 1435 958; x_wconf 91' lang='lat' dir='ltr'>cuius</span> <span class='ocrx_word' id='word_1_87' title='bbox 1468 922 1668 957; x_wconf 91' lang='lat' dir='ltr'>nomen</span> <span class='ocrx_word' id='word_1_88' title='bbox 1701 907 1819 956; x_wconf 90' lang='lat' dir='ltr'>erat</span> <span class='ocrx_word' id='word_1_89' title='bbox 1847 918 1887 948; x_wconf 90' lang='lat'>10</span> 
     </span>
     <span class='ocr_line' id='line_1_12' title="bbox 162 978 1819 1049; baseline -0.001 -18"><span class='ocrx_word' id='word_1_90' title='bbox 162 980 325 1049; x_wconf 90' lang='lat' dir='ltr'>Argo.</span> <span class='ocrx_word' id='word_1_91' title='bbox 402 979 575 1032; x_wconf 89' lang='lat' dir='ltr'>Pelias</span> <span class='ocrx_word' id='word_1_92' title='bbox 622 996 714 1032; x_wconf 86' lang='lat' dir='ltr'>rex</span> <span class='ocrx_word' id='word_1_93' title='bbox 753 996 889 1048; x_wconf 91' lang='lat' dir='ltr'>quae</span> <span class='ocrx_word' id='word_1_94' title='bbox 936 997 1070 1048; x_wconf 91' lang='lat' dir='ltr'>opus</span> <span class='ocrx_word' id='word_1_95' title='bbox 1111 982 1266 1032; x_wconf 90' lang='lat' dir='ltr'>erant</span> <span class='ocrx_word' id='word_1_96' title='bbox 1308 979 1367 1031; x_wconf 91' lang='lat' dir='ltr'>in</span> <span class='ocrx_word' id='word_1_97' title='bbox 1406 978 1589 1030; x_wconf 90' lang='lat' dir='ltr'>navim</span> <span class='ocrx_word' id='word_1_98' title='bbox 1627 978 1819 1047; x_wconf 89' lang='lat' dir='ltr'>inponi</span> 
     </span>
     <span class='ocr_line' id='line_1_13' title="bbox 160 1052 1817 1122; baseline -0.001 -16"><span class='ocrx_word' id='word_1_99' title='bbox 160 1053 319 1106; x_wconf 89' lang='lat' dir='ltr'>iussit</span> <span class='ocrx_word' id='word_1_100' title='bbox 363 1056 418 1106; x_wconf 91' lang='lat' dir='ltr'>et</span> <span class='ocrx_word' id='word_1_101' title='bbox 462 1052 708 1105; x_wconf 87' lang='lat' dir='ltr'>hortatus</span> <span class='ocrx_word' id='word_1_102' title='bbox 755 1055 838 1105; x_wconf 91' lang='lat' dir='ltr'>est</span> <span class='ocrx_word' id='word_1_103' title='bbox 883 1052 1133 1105; x_wconf 89' lang='lat' dir='ltr'>Iasonem</span> <span class='ocrx_word' id='word_1_104' title='bbox 1180 1056 1235 1105; x_wconf 94' lang='lat' dir='ltr'>et</span> <span class='ocrx_word' id='word_1_105' title='bbox 1281 1052 1371 1122; x_wconf 91' lang='lat' dir='ltr'>qui</span> <span class='ocrx_word' id='word_1_106' title='bbox 1419 1069 1539 1105; x_wconf 92' lang='lat' dir='ltr'>cum</span> <span class='ocrx_word' id='word_1_107' title='bbox 1581 1069 1647 1105; x_wconf 92' lang='grc'>60</span> <span class='ocrx_word' id='word_1_108' title='bbox 1694 1069 1817 1120; x_wconf 91' lang='lat' dir='ltr'>pro-</span> 
     </span>
     <span class='ocr_line' id='line_1_14' title="bbox 161 1125 1818 1195; baseline 0 -16"><span class='ocrx_word' id='word_1_109' title='bbox 161 1127 352 1179; x_wconf 84' lang='lat' dir='ltr'>fecturi</span> <span class='ocrx_word' id='word_1_110' title='bbox 391 1130 567 1195; x_wconf 89' lang='lat' dir='ltr'>erant,</span> <span class='ocrx_word' id='word_1_111' title='bbox 613 1130 674 1179; x_wconf 94' lang='lat' dir='ltr'>ut</span> <span class='ocrx_word' id='word_1_112' title='bbox 719 1126 899 1179; x_wconf 91' lang='lat' dir='ltr'>animo</span> <span class='ocrx_word' id='word_1_113' title='bbox 945 1126 1072 1179; x_wconf 88' lang='lat' dir='ltr'>forti</span> <span class='ocrx_word' id='word_1_114' title='bbox 1113 1125 1180 1178; x_wconf 90' lang='lat' dir='ltr'>ad</span> <span class='ocrx_word' id='word_1_115' title='bbox 1227 1125 1607 1195; x_wconf 87' lang='lat' dir='ltr'>perficiendum</span> <span class='ocrx_word' id='word_1_116' title='bbox 1660 1126 1818 1193; x_wconf 89' lang='lat' dir='ltr'>irent,</span> 
     </span>
     <span class='ocr_line' id='line_1_15' title="bbox 164 1198 1818 1270; baseline -0.001 -16"><span class='ocrx_word' id='word_1_117' title='bbox 164 1201 308 1270; x_wconf 85' lang='lat' dir='ltr'>quod</span> <span class='ocrx_word' id='word_1_118' title='bbox 350 1201 529 1254; x_wconf 90' lang='lat' dir='ltr'>conati</span> <span class='ocrx_word' id='word_1_119' title='bbox 575 1203 770 1253; x_wconf 88' lang='lat' dir='ltr'>essent.</span> <span class='ocrx_word' id='word_1_120' title='bbox 860 1217 923 1252; x_wconf 92' lang='lat' dir='ltr'>ea</span> <span class='ocrx_word' id='word_1_121' title='bbox 976 1218 1060 1252; x_wconf 89' lang='lat' dir='ltr'>res</span> <span class='ocrx_word' id='word_1_122' title='bbox 1108 1200 1408 1253; x_wconf 87' lang='lat' dir='ltr'>claritatem</span> <span class='ocrx_word' id='word_1_123' title='bbox 1458 1198 1714 1253; x_wconf 84' lang='lat' dir='ltr'>Graeciae</span> <span class='ocrx_word' id='word_1_124' title='bbox 1764 1204 1818 1252; x_wconf 94' lang='lat' dir='ltr'>et</span> 
     </span>
     <span class='ocr_line' id='line_1_16' title="bbox 162 1273 1889 1343; baseline 0 -17"><span class='ocrx_word' id='word_1_125' title='bbox 162 1273 296 1343; x_wconf 89' lang='lat' dir='ltr'>ipsis</span> <span class='ocrx_word' id='word_1_126' title='bbox 342 1274 551 1327; x_wconf 86' lang='lat' dir='ltr'>factura</span> <span class='ocrx_word' id='word_1_127' title='bbox 602 1273 896 1327; x_wconf 91' lang='lat' dir='ltr'>videbatur.</span> <span class='ocrx_word' id='word_1_128' title='bbox 990 1273 1356 1327; x_wconf 89' lang='lat' dir='ltr'>demonstrare</span> <span class='ocrx_word' id='word_1_129' title='bbox 1405 1291 1495 1327; x_wconf 93' lang='lat' dir='ltr'>eos</span> <span class='ocrx_word' id='word_1_130' title='bbox 1557 1274 1647 1343; x_wconf 91' lang='lat' dir='ltr'>qui</span> <span class='ocrx_word' id='word_1_131' title='bbox 1696 1291 1819 1326; x_wconf 86' lang='lat' dir='ltr'>cum</span> <span class='ocrx_word' id='word_1_132' title='bbox 1848 1286 1889 1318; x_wconf 80' lang='lat'>15</span> 
     </span>
     <span class='ocr_line' id='line_1_17' title="bbox 163 1347 1821 1416; baseline 0 -17"><span class='ocrx_word' id='word_1_133' title='bbox 163 1347 356 1402; x_wconf 90' lang='lat' dir='ltr'>Iasone</span> <span class='ocrx_word' id='word_1_134' title='bbox 403 1347 630 1416; x_wconf 88' lang='lat' dir='ltr'>profecti</span> <span class='ocrx_word' id='word_1_135' title='bbox 670 1351 797 1400; x_wconf 89' lang='lat' dir='ltr'>sunt</span> <span class='ocrx_word' id='word_1_136' title='bbox 841 1365 954 1401; x_wconf 93' lang='lat' dir='ltr'>non</span> <span class='ocrx_word' id='word_1_137' title='bbox 1001 1347 1208 1400; x_wconf 90' lang='lat' dir='ltr'>videtur</span> <span class='ocrx_word' id='word_1_138' title='bbox 1246 1351 1493 1401; x_wconf 91' lang='lat' dir='ltr'>nostrum</span> <span class='ocrx_word' id='word_1_139' title='bbox 1534 1364 1674 1400; x_wconf 86' lang='lat' dir='ltr'>esse:</span> <span class='ocrx_word' id='word_1_140' title='bbox 1729 1348 1821 1400; x_wconf 89' lang='lat' dir='ltr'>sed</span> 
     </span>
     <span class='ocr_line' id='line_1_18' title="bbox 164 1420 1622 1492; baseline 0 -18"><span class='ocrx_word' id='word_1_141' title='bbox 164 1422 256 1491; x_wconf 89' lang='lat' dir='ltr'>qui</span> <span class='ocrx_word' id='word_1_142' title='bbox 295 1422 484 1475; x_wconf 86' lang='lat' dir='ltr'>volunt</span> <span class='ocrx_word' id='word_1_143' title='bbox 521 1439 612 1475; x_wconf 91' lang='lat' dir='ltr'>eos</span> <span class='ocrx_word' id='word_1_144' title='bbox 652 1438 995 1491; x_wconf 87' lang='lat' dir='ltr'>cognoscere,</span> <span class='ocrx_word' id='word_1_145' title='bbox 1035 1420 1382 1491; x_wconf 81' lang='lat' dir='ltr'>Argonautas</span> <span class='ocrx_word' id='word_1_146' title='bbox 1423 1422 1622 1492; x_wconf 88' lang='lat' dir='ltr'>legant.</span> 
     </span>
    </p>

    <p class='ocr_par' dir='ltr' id='par_1_3' title="bbox 162 1495 1889 2230">
     <span class='ocr_line' id='line_1_19' title="bbox 311 1495 1819 1566; baseline -0.001 -18"><span class='ocrx_word' id='word_1_147' title='bbox 311 1495 382 1548; x_wconf 87' lang='lat' dir='ltr'>II.</span> <span class='ocrx_word' id='word_1_148' title='bbox 457 1496 622 1548; x_wconf 90' lang='lat' dir='ltr'>Iason</span> <span class='ocrx_word' id='word_1_149' title='bbox 667 1496 760 1548; x_wconf 91' lang='lat' dir='ltr'>ubi</span> <span class='ocrx_word' id='word_1_150' title='bbox 808 1495 874 1548; x_wconf 90' lang='lat' dir='ltr'>ad</span> <span class='ocrx_word' id='word_1_151' title='bbox 921 1495 1214 1566; x_wconf 87' lang='lat' dir='ltr'>Phrygiam</span> <span class='ocrx_word' id='word_1_152' title='bbox 1262 1495 1432 1563; x_wconf 90' lang='lat' dir='ltr'>venit,</span> <span class='ocrx_word' id='word_1_153' title='bbox 1487 1495 1671 1548; x_wconf 90' lang='lat' dir='ltr'>navim</span> <span class='ocrx_word' id='word_1_154' title='bbox 1728 1496 1819 1548; x_wconf 91' lang='lat' dir='ltr'>ad-</span> 
     </span>
     <span class='ocr_line' id='line_1_20' title="bbox 164 1567 1818 1638; baseline 0.001 -17"><span class='ocrx_word' id='word_1_155' title='bbox 164 1569 334 1622; x_wconf 91' lang='lat' dir='ltr'>movit</span> <span class='ocrx_word' id='word_1_156' title='bbox 379 1569 447 1621; x_wconf 91' lang='lat' dir='ltr'>ad</span> <span class='ocrx_word' id='word_1_157' title='bbox 494 1572 710 1638; x_wconf 89' lang='lat' dir='ltr'>portum</span> <span class='ocrx_word' id='word_1_158' title='bbox 758 1567 1057 1622; x_wconf 79' lang='lat' dir='ltr'>Simoenta:</span> <span class='ocrx_word' id='word_1_159' title='bbox 1114 1569 1303 1622; x_wconf 91' lang='lat' dir='ltr'>deinde</span> <span class='ocrx_word' id='word_1_160' title='bbox 1352 1587 1538 1622; x_wconf 90' lang='lat' dir='ltr'>omnes</span> <span class='ocrx_word' id='word_1_161' title='bbox 1586 1569 1650 1622; x_wconf 92' lang='lat' dir='ltr'>de</span> <span class='ocrx_word' id='word_1_162' title='bbox 1690 1570 1818 1622; x_wconf 90' lang='lat' dir='ltr'>navi</span> 
     </span>
     <span class='ocr_line' id='line_1_21' title="bbox 164 1642 1889 1713; baseline 0.001 -18"><span class='ocrx_word' id='word_1_163' title='bbox 164 1643 410 1696; x_wconf 85' lang='lat' dir='ltr'>exierunt</span> <span class='ocrx_word' id='word_1_164' title='bbox 455 1643 514 1696; x_wconf 90' lang='lat' dir='ltr'>in</span> <span class='ocrx_word' id='word_1_165' title='bbox 559 1646 774 1695; x_wconf 87' lang='lat' dir='ltr'>terram.</span> <span class='ocrx_word' id='word_1_166' title='bbox 839 1642 1193 1696; x_wconf 88' lang='lat' dir='ltr'>Laomedonti</span> <span class='ocrx_word' id='word_1_167' title='bbox 1220 1643 1336 1713; x_wconf 91' lang='lat' dir='ltr'>regi</span> <span class='ocrx_word' id='word_1_168' title='bbox 1388 1643 1699 1696; x_wconf 88' lang='lat' dir='ltr'>nuntiatum</span> <span class='ocrx_word' id='word_1_169' title='bbox 1738 1647 1822 1696; x_wconf 93' lang='lat' dir='ltr'>est</span> <span class='ocrx_word' id='word_1_170' title='bbox 1846 1657 1889 1687; x_wconf 82' lang='lat'>20</span> 
     </span>
     <span class='ocr_line' id='line_1_22' title="bbox 164 1715 1822 1786; baseline 0.001 -17"><span class='ocrx_word' id='word_1_171' title='bbox 164 1716 466 1770; x_wconf 89' lang='lat' dir='ltr'>mirandam</span> <span class='ocrx_word' id='word_1_172' title='bbox 504 1717 686 1770; x_wconf 91' lang='lat' dir='ltr'>navim</span> <span class='ocrx_word' id='word_1_173' title='bbox 731 1717 790 1769; x_wconf 90' lang='lat' dir='ltr'>in</span> <span class='ocrx_word' id='word_1_174' title='bbox 827 1719 1045 1786; x_wconf 85' lang='lat' dir='ltr'>portum</span> <span class='ocrx_word' id='word_1_175' title='bbox 1086 1715 1363 1770; x_wconf 82' lang='lat' dir='ltr'>Simoenta</span> <span class='ocrx_word' id='word_1_176' title='bbox 1401 1717 1632 1770; x_wconf 90' lang='lat' dir='ltr'>intrasse</span> <span class='ocrx_word' id='word_1_177' title='bbox 1673 1721 1727 1770; x_wconf 89' lang='lat' dir='ltr'>et</span> <span class='ocrx_word' id='word_1_178' title='bbox 1765 1718 1822 1770; x_wconf 91' lang='lat' dir='ltr'>in</span> 
     </span>
     <span class='ocr_line' id='line_1_23' title="bbox 166 1789 1823 1845; baseline 0.001 -2"><span class='ocrx_word' id='word_1_179' title='bbox 166 1808 229 1843; x_wconf 88' lang='lat' dir='ltr'>ea</span> <span class='ocrx_word' id='word_1_180' title='bbox 267 1791 466 1844; x_wconf 89' lang='lat' dir='ltr'>multos</span> <span class='ocrx_word' id='word_1_181' title='bbox 513 1791 730 1844; x_wconf 88' lang='lat' dir='ltr'>iuvenes</span> <span class='ocrx_word' id='word_1_182' title='bbox 778 1790 843 1843; x_wconf 93' lang='lat' dir='ltr'>de</span> <span class='ocrx_word' id='word_1_183' title='bbox 890 1789 1114 1845; x_wconf 84' lang='lat' dir='ltr'>Graecia</span> <span class='ocrx_word' id='word_1_184' title='bbox 1169 1791 1394 1844; x_wconf 90' lang='lat' dir='ltr'>venisse.</span> <span class='ocrx_word' id='word_1_185' title='bbox 1479 1791 1571 1844; x_wconf 91' lang='lat' dir='ltr'>ubi</span> <span class='ocrx_word' id='word_1_186' title='bbox 1619 1791 1823 1844; x_wconf 90' lang='lat' dir='ltr'>audivit</span> 
     </span>
     <span class='ocr_line' id='line_1_24' title="bbox 165 1863 1822 1932; baseline 0.001 -16"><span class='ocrx_word' id='word_1_187' title='bbox 165 1863 475 1918; x_wconf 89' lang='lat' dir='ltr'>Laomedon</span> <span class='ocrx_word' id='word_1_188' title='bbox 507 1882 620 1932; x_wconf 87' lang='lat' dir='ltr'>rex,</span> <span class='ocrx_word' id='word_1_189' title='bbox 659 1867 958 1918; x_wconf 90' lang='lat' dir='ltr'>commotus</span> <span class='ocrx_word' id='word_1_190' title='bbox 991 1868 1098 1918; x_wconf 90' lang='lat' dir='ltr'>est:</span> <span class='ocrx_word' id='word_1_191' title='bbox 1147 1864 1506 1918; x_wconf 88' lang='lat' dir='ltr'>consideravit</span> <span class='ocrx_word' id='word_1_192' title='bbox 1538 1883 1822 1918; x_wconf 89' lang='lat' dir='ltr'>commune</span> 
     </span>
     <span class='ocr_line' id='line_1_25' title="bbox 165 1937 1819 2007; baseline 0.001 -17"><span class='ocrx_word' id='word_1_193' title='bbox 165 1938 460 2007; x_wconf 88' lang='lat' dir='ltr'>periculum</span> <span class='ocrx_word' id='word_1_194' title='bbox 506 1955 644 2007; x_wconf 90' lang='lat' dir='ltr'>esse,</span> <span class='ocrx_word' id='word_1_195' title='bbox 700 1938 745 1991; x_wconf 91' lang='lat' dir='ltr'>si</span> <span class='ocrx_word' id='word_1_196' title='bbox 799 1942 1211 1992; x_wconf 89' lang='lat' dir='ltr'>consuescerent</span> <span class='ocrx_word' id='word_1_197' title='bbox 1257 1937 1449 1992; x_wconf 87' lang='lat' dir='ltr'>Graeci</span> <span class='ocrx_word' id='word_1_198' title='bbox 1497 1938 1563 1991; x_wconf 91' lang='lat' dir='ltr'>ad</span> <span class='ocrx_word' id='word_1_199' title='bbox 1616 1957 1713 1991; x_wconf 85' lang='lat' dir='ltr'>sua</span> <span class='ocrx_word' id='word_1_200' title='bbox 1759 1939 1819 1991; x_wconf 89' lang='lat' dir='ltr'>li·</span> 
     </span>
     <span class='ocr_line' id='line_1_26' title="bbox 162 2011 1887 2082; baseline 0.001 -18"><span class='ocrx_word' id='word_1_201' title='bbox 162 2015 285 2065; x_wconf 91' lang='lat' dir='ltr'>tora</span> <span class='ocrx_word' id='word_1_202' title='bbox 314 2011 604 2065; x_wconf 90' lang='lat' dir='ltr'>adventare</span> <span class='ocrx_word' id='word_1_203' title='bbox 636 2012 878 2065; x_wconf 80' lang='lat' dir='ltr'>navibus,</span> <span class='ocrx_word' id='word_1_204' title='bbox 925 2012 1094 2065; x_wconf 91' lang='lat' dir='ltr'>mittit</span> <span class='ocrx_word' id='word_1_205' title='bbox 1126 2012 1194 2064; x_wconf 88' lang='lat' dir='ltr'>ad</span> <span class='ocrx_word' id='word_1_206' title='bbox 1224 2015 1466 2081; x_wconf 90' lang='lat' dir='ltr'>portum,</span> <span class='ocrx_word' id='word_1_207' title='bbox 1499 2012 1591 2082; x_wconf 91' lang='lat' dir='ltr'>qui</span> <span class='ocrx_word' id='word_1_208' title='bbox 1624 2012 1819 2081; x_wconf 89' lang='lat' dir='ltr'>dicant,</span> <span class='ocrx_word' id='word_1_209' title='bbox 1845 2025 1887 2057; x_wconf 81' lang='lat'>25</span> 
     </span>
     <span class='ocr_line' id='line_1_27' title="bbox 164 2084 1823 2154; baseline 0.002 -17"><span class='ocrx_word' id='word_1_210' title='bbox 164 2088 227 2138; x_wconf 90' lang='lat' dir='ltr'>ut</span> <span class='ocrx_word' id='word_1_211' title='bbox 250 2084 442 2139; x_wconf 89' lang='lat' dir='ltr'>Graeci</span> <span class='ocrx_word' id='word_1_212' title='bbox 466 2085 529 2138; x_wconf 91' lang='lat' dir='ltr'>de</span> <span class='ocrx_word' id='word_1_213' title='bbox 552 2085 750 2138; x_wconf 91' lang='lat' dir='ltr'>finibus</span> <span class='ocrx_word' id='word_1_214' title='bbox 774 2086 1054 2154; x_wconf 85' lang='lat' dir='ltr'>excedant,</span> <span class='ocrx_word' id='word_1_215' title='bbox 1087 2086 1132 2138; x_wconf 91' lang='lat' dir='ltr'>si</span> <span class='ocrx_word' id='word_1_216' title='bbox 1155 2103 1267 2138; x_wconf 92' lang='lat' dir='ltr'>non</span> <span class='ocrx_word' id='word_1_217' title='bbox 1292 2086 1433 2140; x_wconf 88' lang='lat' dir='ltr'>dicto</span> <span class='ocrx_word' id='word_1_218' title='bbox 1459 2086 1823 2154; x_wconf 87' lang='lat' dir='ltr'>obaudissent,</span> 
     </span>
     <span class='ocr_line' id='line_1_28' title="bbox 167 2158 1824 2230; baseline 0.001 -19"><span class='ocrx_word' id='word_1_219' title='bbox 167 2176 281 2211; x_wconf 89' lang='lat' dir='ltr'>sese</span> <span class='ocrx_word' id='word_1_220' title='bbox 330 2159 493 2211; x_wconf 89' lang='lat' dir='ltr'>armis</span> <span class='ocrx_word' id='word_1_221' title='bbox 540 2177 631 2212; x_wconf 91' lang='lat' dir='ltr'>eos</span> <span class='ocrx_word' id='word_1_222' title='bbox 679 2158 743 2211; x_wconf 91' lang='lat' dir='ltr'>de</span> <span class='ocrx_word' id='word_1_223' title='bbox 789 2159 985 2212; x_wconf 91' lang='lat' dir='ltr'>finibus</span> <span class='ocrx_word' id='word_1_224' title='bbox 1033 2159 1340 2213; x_wconf 88' lang='lat' dir='ltr'>eiecturum.</span> <span class='ocrx_word' id='word_1_225' title='bbox 1418 2159 1580 2213; x_wconf 90' lang='lat' dir='ltr'>Iason</span> <span class='ocrx_word' id='word_1_226' title='bbox 1627 2163 1681 2213; x_wconf 90' lang='lat' dir='ltr'>et</span> <span class='ocrx_word' id='word_1_227' title='bbox 1733 2162 1824 2230; x_wconf 91' lang='lat' dir='ltr'>qui</span> 
     </span>
    </p>
   </div>
   <div class='ocr_carea' id='block_1_3' title="bbox 167 2304 1829 2947">
    <p class='ocr_par' dir='ltr' id='par_1_4' title="bbox 167 2304 1829 2947">
     <span class='ocr_line' id='line_1_29' title="bbox 288 2304 1820 2362; baseline 0.001 -14"><span class='ocrx_word' id='word_1_228' title='bbox 288 2311 309 2348; x_wconf 93' lang='lat'>1</span> <span class='ocrx_word' id='word_1_229' title='bbox 346 2305 548 2361; x_wconf 87' lang='lat' dir='ltr'>imperat</span> <span class='ocrx_word' id='word_1_230' title='bbox 580 2304 643 2348; x_wconf 87' lang='lat' dir='ltr'><em>M</em></span> <span class='ocrx_word' id='word_1_231' title='bbox 760 2309 786 2348; x_wconf 84' lang='lat'><strong>2</strong></span> <span class='ocrx_word' id='word_1_232' title='bbox 819 2305 1065 2361; x_wconf 88' lang='lat' dir='ltr'>pulchram</span> <span class='ocrx_word' id='word_1_233' title='bbox 1104 2305 1166 2349; x_wconf 92' lang='lat' dir='ltr'><strong><em>M</em></strong></span> <span class='ocrx_word' id='word_1_234' title='bbox 1283 2309 1312 2348; x_wconf 82' lang='lat'>4</span> <span class='ocrx_word' id='word_1_235' title='bbox 1354 2306 1456 2349; x_wconf 90' lang='lat' dir='ltr'>erat</span> <span class='ocrx_word' id='word_1_236' title='bbox 1490 2305 1553 2349; x_wconf 92' lang='lat' dir='ltr'><strong><em>M</em></strong></span> <span class='ocrx_word' id='word_1_237' title='bbox 1577 2307 1581 2359; x_wconf 92' lang='grc' dir='ltr'>Ι</span> <span class='ocrx_word' id='word_1_238' title='bbox 1610 2305 1744 2350; x_wconf 86' lang='lat' dir='ltr'>iason</span> <span class='ocrx_word' id='word_1_239' title='bbox 1775 2320 1820 2362; x_wconf 91' lang='lat' dir='ltr'>p.</span> 
     </span>
     <span class='ocr_line' id='line_1_30' title="bbox 169 2352 1822 2421; baseline 0 -14"><span class='ocrx_word' id='word_1_240' title='bbox 169 2377 268 2407; x_wconf 88' lang='lat' dir='ltr'>aur.</span> <span class='ocrx_word' id='word_1_241' title='bbox 301 2375 384 2408; x_wconf 86' lang='lat' dir='ltr'>om.</span> <span class='ocrx_word' id='word_1_242' title='bbox 420 2363 483 2407; x_wconf 89' lang='lat' dir='ltr'><strong><em>M</em></strong></span> <span class='ocrx_word' id='word_1_243' title='bbox 513 2366 519 2418; x_wconf 92' lang='grc' dir='ltr'>Ι</span> <span class='ocrx_word' id='word_1_244' title='bbox 556 2363 790 2420; x_wconf 85' lang='lat' dir='ltr'>petiturus</span> <span class='ocrx_word' id='word_1_245' title='bbox 825 2352 888 2407; x_wconf 80' lang='grc' dir='ltr'><strong>Μ</strong></span> <span class='ocrx_word' id='word_1_246' title='bbox 1006 2368 1030 2407; x_wconf 81' lang='grc'><strong>7</strong></span> <span class='ocrx_word' id='word_1_247' title='bbox 1064 2363 1246 2409; x_wconf 89' lang='lat' dir='ltr'>ueniret</span> <span class='ocrx_word' id='word_1_248' title='bbox 1280 2363 1342 2408; x_wconf 89' lang='lat' dir='ltr'><strong><em>M</em></strong></span> <span class='ocrx_word' id='word_1_249' title='bbox 1366 2366 1371 2419; x_wconf 85' lang='grc' dir='ltr'>Ι</span> <span class='ocrx_word' id='word_1_250' title='bbox 1399 2363 1822 2421; x_wconf 85' lang='lat' dir='ltr'>interea—super-</span> 
     </span>
     <span class='ocr_line' id='line_1_31' title="bbox 168 2421 1822 2468; baseline 0.001 -2"><span class='ocrx_word' id='word_1_251' title='bbox 168 2421 374 2467; x_wconf 84' lang='lat' dir='ltr'>uenisset</span> <span class='ocrx_word' id='word_1_252' title='bbox 405 2435 487 2467; x_wconf 86' lang='lat' dir='ltr'>om.</span> <span class='ocrx_word' id='word_1_253' title='bbox 516 2422 579 2466; x_wconf 89' lang='lat' dir='ltr'><strong><em>M</em></strong></span> <span class='ocrx_word' id='word_1_254' title='bbox 681 2427 708 2467; x_wconf 83' lang='lat'>9</span> <span class='ocrx_word' id='word_1_255' title='bbox 741 2435 840 2467; x_wconf 82' lang='lat' dir='ltr'>sese</span> <span class='ocrx_word' id='word_1_256' title='bbox 872 2435 955 2467; x_wconf 89' lang='lat' dir='ltr'>om.</span> <span class='ocrx_word' id='word_1_257' title='bbox 981 2422 1026 2467; x_wconf 91' lang='lat' dir='ltr'>G</span> <span class='ocrx_word' id='word_1_258' title='bbox 1133 2428 1187 2468; x_wconf 92' lang='lat'>10</span> <span class='ocrx_word' id='word_1_259' title='bbox 1211 2423 1373 2467; x_wconf 82' lang='lat' dir='ltr'>nauim</span> <span class='ocrx_word' id='word_1_260' title='bbox 1398 2422 1441 2467; x_wconf 98' lang='lat' dir='ltr'>G</span> <span class='ocrx_word' id='word_1_261' title='bbox 1549 2427 1601 2467; x_wconf 91' lang='lat'>11</span> <span class='ocrx_word' id='word_1_262' title='bbox 1635 2422 1822 2467; x_wconf 83' lang='lat' dir='ltr'>fuerant</span> 
     </span>
     <span class='ocr_line' id='line_1_32' title="bbox 170 2478 1827 2538; baseline 0.001 -14"><span class='ocrx_word' id='word_1_263' title='bbox 170 2480 234 2524; x_wconf 85' lang='lat' dir='ltr'><strong><em>M</em></strong></span> <span class='ocrx_word' id='word_1_264' title='bbox 239 2480 282 2525; x_wconf 88' lang='lat' dir='ltr'>G</span> <span class='ocrx_word' id='word_1_265' title='bbox 342 2481 532 2526; x_wconf 84' lang='lat' dir='ltr'>fuerunt</span> <span class='ocrx_word' id='word_1_266' title='bbox 573 2478 646 2525; x_wconf 91' lang='grc' dir='ltr'>Μ’</span> <span class='ocrx_word' id='word_1_267' title='bbox 709 2483 845 2526; x_wconf 88' lang='lat' dir='ltr'>erant</span> <span class='ocrx_word' id='word_1_268' title='bbox 874 2481 925 2524; x_wconf 88' lang='lat' dir='ltr'><strong><em>F</em></strong></span> <span class='ocrx_word' id='word_1_269' title='bbox 949 2483 954 2537; x_wconf 79' lang='grc' dir='ltr'>Ι</span> <span class='ocrx_word' id='word_1_270' title='bbox 982 2482 1094 2526; x_wconf 81' lang='lat' dir='ltr'>naui</span> <span class='ocrx_word' id='word_1_271' title='bbox 1129 2481 1172 2527; x_wconf 92' lang='lat' dir='ltr'>G</span> <span class='ocrx_word' id='word_1_272' title='bbox 1295 2486 1348 2526; x_wconf 91' lang='grc'>12</span> <span class='ocrx_word' id='word_1_273' title='bbox 1389 2481 1588 2538; x_wconf 89' lang='lat' dir='ltr'>profecti</span> <span class='ocrx_word' id='word_1_274' title='bbox 1621 2484 1730 2527; x_wconf 83' lang='lat' dir='ltr'>sunt</span> <span class='ocrx_word' id='word_1_275' title='bbox 1763 2481 1827 2525; x_wconf 90' lang='lat' dir='ltr'><strong><em>M</em></strong></span> 
     </span>
     <span class='ocr_line' id='line_1_33' title="bbox 167 2538 1822 2598; baseline 0.001 -15"><span class='ocrx_word' id='word_1_276' title='bbox 167 2538 424 2596; x_wconf 87' lang='lat' dir='ltr'>profecturi</span> <span class='ocrx_word' id='word_1_277' title='bbox 447 2542 603 2585; x_wconf 87' lang='lat' dir='ltr'>essent</span> <span class='ocrx_word' id='word_1_278' title='bbox 626 2539 669 2585; x_wconf 94' lang='lat' dir='ltr'>G</span> <span class='ocrx_word' id='word_1_279' title='bbox 730 2539 986 2598; x_wconf 86' lang='lat' dir='ltr'>profecturi</span> <span class='ocrx_word' id='word_1_280' title='bbox 1010 2542 1145 2586; x_wconf 83' lang='lat' dir='ltr'>erant</span> <span class='ocrx_word' id='word_1_281' title='bbox 1169 2541 1226 2585; x_wconf 88' lang='grc' dir='ltr'><strong>Η</strong></span> <span class='ocrx_word' id='word_1_282' title='bbox 1284 2545 1338 2583; x_wconf 88' lang='lat'>14</span> <span class='ocrx_word' id='word_1_283' title='bbox 1370 2554 1492 2596; x_wconf 87' lang='lat' dir='ltr'>quae</span> <span class='ocrx_word' id='word_1_284' title='bbox 1517 2540 1561 2585; x_wconf 93' lang='lat' dir='ltr'>G</span> <span class='ocrx_word' id='word_1_285' title='bbox 1622 2553 1714 2597; x_wconf 89' lang='lat' dir='ltr'>quo</span> <span class='ocrx_word' id='word_1_286' title='bbox 1748 2541 1822 2595; x_wconf 86' lang='lat' dir='ltr'>M,</span> 
     </span>
     <span class='ocr_line' id='line_1_34' title="bbox 167 2598 1820 2658; baseline 0.002 -17"><span class='ocrx_word' id='word_1_287' title='bbox 167 2598 291 2643; x_wconf 81' lang='lat' dir='ltr'>unde</span> <span class='ocrx_word' id='word_1_288' title='bbox 320 2599 485 2655; x_wconf 79' lang='lat' dir='ltr'>scripsi</span> <span class='ocrx_word' id='word_1_289' title='bbox 516 2599 643 2655; x_wconf 88' lang='lat' dir='ltr'>quod</span> <span class='ocrx_word' id='word_1_290' title='bbox 671 2600 678 2655; x_wconf 81' lang='grc' dir='ltr'>Ι</span> <span class='ocrx_word' id='word_1_291' title='bbox 706 2599 887 2657; x_wconf 86' lang='lat' dir='ltr'>gratiae</span> <span class='ocrx_word' id='word_1_292' title='bbox 921 2599 964 2645; x_wconf 93' lang='lat' dir='ltr'>G</span> <span class='ocrx_word' id='word_1_293' title='bbox 1024 2599 1175 2658; x_wconf 85' lang='lat' dir='ltr'>grecis</span> <span class='ocrx_word' id='word_1_294' title='bbox 1211 2599 1273 2643; x_wconf 92' lang='lat' dir='ltr'><strong><em>M</em></strong></span> <span class='ocrx_word' id='word_1_295' title='bbox 1394 2604 1446 2643; x_wconf 89' lang='lat'>15</span> <span class='ocrx_word' id='word_1_296' title='bbox 1480 2599 1565 2644; x_wconf 79' lang='lat' dir='ltr'>hos</span> <span class='ocrx_word' id='word_1_297' title='bbox 1597 2599 1641 2644; x_wconf 90' lang='lat' dir='ltr'>G</span> <span class='ocrx_word' id='word_1_298' title='bbox 1766 2604 1820 2644; x_wconf 87' lang='lat'>18</span> 
     </span>
     <span class='ocr_line' id='line_1_35' title="bbox 168 2656 1821 2716; baseline 0.001 -16"><span class='ocrx_word' id='word_1_299' title='bbox 168 2656 319 2714; x_wconf 87' lang='lat' dir='ltr'>Igitur</span> <span class='ocrx_word' id='word_1_300' title='bbox 349 2657 487 2702; x_wconf 79' lang='lat' dir='ltr'>Iason</span> <span class='ocrx_word' id='word_1_301' title='bbox 519 2658 562 2703; x_wconf 94' lang='lat' dir='ltr'>G</span> <span class='ocrx_word' id='word_1_302' title='bbox 684 2663 738 2703; x_wconf 89' lang='grc'>19</span> <span class='ocrx_word' id='word_1_303' title='bbox 779 2659 1034 2716; x_wconf 86' lang='lat' dir='ltr'>symoentis</span> <span class='ocrx_word' id='word_1_304' title='bbox 1076 2659 1159 2713; x_wconf 91' lang='lat' dir='ltr'>M,</span> <span class='ocrx_word' id='word_1_305' title='bbox 1197 2659 1301 2703; x_wconf 83' lang='lat' dir='ltr'>item</span> <span class='ocrx_word' id='word_1_306' title='bbox 1337 2659 1467 2712; x_wconf 79' lang='lat' dir='ltr'>infra</span> <span class='ocrx_word' id='word_1_307' title='bbox 1588 2663 1643 2702; x_wconf 93' lang='grc'>22</span> <span class='ocrx_word' id='word_1_308' title='bbox 1683 2658 1821 2703; x_wconf 89' lang='lat' dir='ltr'>adue·</span> 
     </span>
     <span class='ocr_line' id='line_1_36' title="bbox 170 2716 1822 2774; baseline 0.001 -15"><span class='ocrx_word' id='word_1_309' title='bbox 170 2718 271 2760; x_wconf 83' lang='lat' dir='ltr'>ctos</span> <span class='ocrx_word' id='word_1_310' title='bbox 303 2728 403 2760; x_wconf 82' lang='lat' dir='ltr'>esse</span> <span class='ocrx_word' id='word_1_311' title='bbox 442 2716 498 2762; x_wconf 88' lang='lat' dir='ltr'>de</span> <span class='ocrx_word' id='word_1_312' title='bbox 530 2716 689 2774; x_wconf 85' lang='lat' dir='ltr'>grecia</span> <span class='ocrx_word' id='word_1_313' title='bbox 720 2716 763 2762; x_wconf 92' lang='lat' dir='ltr'>G</span> <span class='ocrx_word' id='word_1_314' title='bbox 883 2722 940 2762; x_wconf 84' lang='lat'>23</span> <span class='ocrx_word' id='word_1_315' title='bbox 974 2720 1045 2763; x_wconf 88' lang='lat' dir='ltr'>est</span> <span class='ocrx_word' id='word_1_316' title='bbox 1075 2719 1124 2762; x_wconf 90' lang='lat' dir='ltr'>et</span> <span class='ocrx_word' id='word_1_317' title='bbox 1155 2717 1198 2762; x_wconf 89' lang='lat' dir='ltr'>G</span> <span class='ocrx_word' id='word_1_318' title='bbox 1318 2721 1376 2761; x_wconf 87' lang='grc'>24</span> <span class='ocrx_word' id='word_1_319' title='bbox 1409 2717 1469 2761; x_wconf 87' lang='lat' dir='ltr'>ad</span> <span class='ocrx_word' id='word_1_320' title='bbox 1493 2741 1547 2750; x_wconf 88' lang='lat'>—-</span> <span class='ocrx_word' id='word_1_321' title='bbox 1568 2716 1822 2762; x_wconf 88' lang='lat' dir='ltr'>aduentare</span> 
     </span>
     <span class='ocr_line' id='line_1_37' title="bbox 169 2773 1829 2832; baseline 0.001 -14"><span class='ocrx_word' id='word_1_322' title='bbox 169 2786 253 2818; x_wconf 82' lang='lat' dir='ltr'>mn.</span> <span class='ocrx_word' id='word_1_323' title='bbox 280 2773 344 2818; x_wconf 94' lang='lat' dir='ltr'><strong><em>M</em></strong></span> <span class='ocrx_word' id='word_1_324' title='bbox 366 2773 373 2832; x_wconf 92' lang='grc' dir='ltr'>Ι</span> <span class='ocrx_word' id='word_1_325' title='bbox 401 2775 599 2820; x_wconf 86' lang='lat' dir='ltr'>nauibus</span> <span class='ocrx_word' id='word_1_326' title='bbox 625 2775 878 2830; x_wconf 83' lang='lat' dir='ltr'>aduentare</span> <span class='ocrx_word' id='word_1_327' title='bbox 904 2776 948 2822; x_wconf 90' lang='lat' dir='ltr'>G</span> <span class='ocrx_word' id='word_1_328' title='bbox 970 2776 1236 2832; x_wconf 78' lang='lat' dir='ltr'>transposui</span> <span class='ocrx_word' id='word_1_329' title='bbox 1355 2780 1412 2820; x_wconf 87' lang='grc'>25</span> <span class='ocrx_word' id='word_1_330' title='bbox 1438 2775 1635 2820; x_wconf 84' lang='lat' dir='ltr'>nauibus</span> <span class='ocrx_word' id='word_1_331' title='bbox 1666 2775 1737 2820; x_wconf 91' lang='lat' dir='ltr'>uti</span> <span class='ocrx_word' id='word_1_332' title='bbox 1763 2776 1829 2820; x_wconf 87' lang='grc' dir='ltr'><strong>Μ</strong></span> 
     </span>
     <span class='ocr_line' id='line_1_38' title="bbox 169 2832 1823 2891; baseline 0.001 -14"><span class='ocrx_word' id='word_1_333' title='bbox 169 2837 229 2877; x_wconf 83' lang='grc'>26</span> <span class='ocrx_word' id='word_1_334' title='bbox 253 2832 494 2878; x_wconf 88' lang='lat' dir='ltr'>discedant</span> <span class='ocrx_word' id='word_1_335' title='bbox 532 2834 589 2879; x_wconf 90' lang='lat' dir='ltr'>de</span> <span class='ocrx_word' id='word_1_336' title='bbox 627 2835 660 2878; x_wconf 87' lang='lat' dir='ltr'>f.</span> <span class='ocrx_word' id='word_1_337' title='bbox 693 2834 790 2879; x_wconf 90' lang='lat' dir='ltr'>eius</span> <span class='ocrx_word' id='word_1_338' title='bbox 823 2834 866 2880; x_wconf 92' lang='lat' dir='ltr'>G</span> <span class='ocrx_word' id='word_1_339' title='bbox 901 2838 906 2891; x_wconf 83' lang='grc' dir='ltr'>Ι</span> <span class='ocrx_word' id='word_1_340' title='bbox 942 2835 1014 2879; x_wconf 83' lang='lat' dir='ltr'>sin</span> <span class='ocrx_word' id='word_1_341' title='bbox 1062 2835 1189 2879; x_wconf 86' lang='lat' dir='ltr'>dicto</span> <span class='ocrx_word' id='word_1_342' title='bbox 1229 2849 1323 2880; x_wconf 90' lang='grc'>11011</span> <span class='ocrx_word' id='word_1_343' title='bbox 1363 2834 1643 2880; x_wconf 78' lang='lat' dir='ltr'>Dedericlzus</span> <span class='ocrx_word' id='word_1_344' title='bbox 1767 2839 1823 2878; x_wconf 86' lang='grc'>27</span> 
     </span>
     <span class='ocr_line' id='line_1_39' title="bbox 169 2892 1115 2947; baseline 0.002 -12"><span class='ocrx_word' id='word_1_345' title='bbox 169 2893 272 2935; x_wconf 87' lang='lat' dir='ltr'>tum</span> <span class='ocrx_word' id='word_1_346' title='bbox 304 2892 410 2937; x_wconf 80' lang='lat' dir='ltr'>add.</span> <span class='ocrx_word' id='word_1_347' title='bbox 443 2892 485 2937; x_wconf 89' lang='lat' dir='ltr'>G</span> <span class='ocrx_word' id='word_1_348' title='bbox 519 2897 624 2937; x_wconf 81' lang='lat' dir='ltr'>ante</span> <span class='ocrx_word' id='word_1_349' title='bbox 655 2906 754 2939; x_wconf 87' lang='lat' dir='ltr'>sese</span> <span class='ocrx_word' id='word_1_350' title='bbox 781 2895 787 2947; x_wconf 94' lang='grc' dir='ltr'>Ι</span> <span class='ocrx_word' id='word_1_351' title='bbox 815 2907 892 2939; x_wconf 87' lang='lat' dir='ltr'>eos</span> <span class='ocrx_word' id='word_1_352' title='bbox 925 2907 1007 2938; x_wconf 82' lang='lat' dir='ltr'>om.</span> <span class='ocrx_word' id='word_1_353' title='bbox 1044 2894 1115 2937; x_wconf 93' lang='lat' dir='ltr'>M.</span> 
     </span>
    </p>
   </div>
   <div class='ocr_carea' id='block_1_4' title="bbox 1499 2969 1556 3011">
    <p class='ocr_par' dir='ltr' id='par_1_5' title="bbox 1499 2969 1556 3011">
     <span class='ocr_line' id='line_1_40' title="bbox 1499 2969 1556 3011; baseline 0 -18"><span class='ocrx_word' id='word_1_354' title='bbox 1499 2969 1556 3011; x_wconf 77' lang='lat'>1*</span> 
     </span>
    </p>
   </div>
  </div>
 </body>
</html>
