<?xml version="1.0" encoding="UTF-8"?>
<!DOCTYPE html PUBLIC "-//W3C//DTD XHTML 1.0 Transitional//EN"
    "http://www.w3.org/TR/xhtml1/DTD/xhtml1-transitional.dtd">
<html xmlns="http://www.w3.org/1999/xhtml" xml:lang="en" lang="en">
 <head>
  <title>
</title>
<meta http-equiv="Content-Type" content="text/html;charset=utf-8" />
  <meta name='ocr-system' content='tesseract 3.04.00' />
  <meta name='ocr-capabilities' content='ocr_page ocr_carea ocr_par ocr_line ocrx_word'/>
</head>
<body>
  <div class='ocr_page' id='page_1' title='image "./dictyscretensise00dictuoft_0270.png"; bbox 0 0 1956 3178; ppageno 0'>
   <div class='ocr_carea' id='block_1_1' title="bbox 239 159 1339 222">
    <p class='ocr_par' dir='ltr' id='par_1_1' title="bbox 239 159 1339 222">
     <span class='ocr_line' id='line_1_1' title="bbox 239 159 1339 222; baseline 0.002 -19"><span class='ocrx_word' id='word_1_1' title='bbox 239 160 313 211; x_wconf 76' lang='grc'>42</span> <span class='ocrx_word' id='word_1_2' title='bbox 790 159 1053 204; x_wconf 68' lang='grc' dir='ltr'>ΒΑΒΕΤΙΞ</span> <span class='ocrx_word' id='word_1_3' title='bbox 1086 160 1339 222; x_wconf 72' lang='lat' dir='ltr'>PHRYGH</span> 
     </span>
    </p>
   </div>
   <div class='ocr_carea' id='block_1_2' title="bbox 179 277 1956 1824">
    <p class='ocr_par' dir='ltr' id='par_1_2' title="bbox 179 277 1956 1824">
     <span class='ocr_line' id='line_1_2' title="bbox 244 277 1931 351; baseline 0.001 -19"><span class='ocrx_word' id='word_1_4' title='bbox 244 284 304 333; x_wconf 84' lang='lat' dir='ltr'>ut</span> <span class='ocrx_word' id='word_1_5' title='bbox 348 281 511 333; x_wconf 86' lang='lat' dir='ltr'>faciat</span> <span class='ocrx_word' id='word_1_6' title='bbox 549 299 581 332; x_wconf 92' lang='lat' dir='ltr'>a</span> <span class='ocrx_word' id='word_1_7' title='bbox 619 280 833 333; x_wconf 84' lang='lat' dir='ltr'>Priamo</span> <span class='ocrx_word' id='word_1_8' title='bbox 873 281 1107 332; x_wconf 91' lang='lat' dir='ltr'>indutias</span> <span class='ocrx_word' id='word_1_9' title='bbox 1146 281 1282 350; x_wconf 84' lang='lat' dir='ltr'>petit</span> <span class='ocrx_word' id='word_1_10' title='bbox 1320 277 1509 351; x_wconf 36' lang='lat' dir='ltr'>ibique*</span> <span class='ocrx_word' id='word_1_11' title='bbox 1538 281 1693 347; x_wconf 83' lang='lat' dir='ltr'>ludos</span> <span class='ocrx_word' id='word_1_12' title='bbox 1731 281 1880 334; x_wconf 86' lang='lat' dir='ltr'>fune·</span> <span class='ocrx_word' id='word_1_13' title='bbox 1928 304 1931 305; x_wconf 43' lang='lat'><em>⁷</em></span> 
     </span>
     <span class='ocr_line' id='line_1_3' title="bbox 243 355 547 407; baseline -0.007 0"><span class='ocrx_word' id='word_1_14' title='bbox 243 355 365 407; x_wconf 86' lang='lat' dir='ltr'>bres</span> <span class='ocrx_word' id='word_1_15' title='bbox 405 355 547 406; x_wconf 86' lang='lat' dir='ltr'>facit.</span> 
     </span>
     <span class='ocr_line' id='line_1_4' title="bbox 390 427 1882 499; baseline 0.001 -20"><span class='ocrx_word' id='word_1_16' title='bbox 390 427 610 480; x_wconf 90' lang='lat' dir='ltr'>XXXV.</span> <span class='ocrx_word' id='word_1_17' title='bbox 708 427 914 480; x_wconf 83' lang='lat' dir='ltr'>Deinde</span> <span class='ocrx_word' id='word_1_18' title='bbox 976 429 1257 481; x_wconf 90' lang='lat' dir='ltr'>consilium</span> <span class='ocrx_word' id='word_1_19' title='bbox 1319 431 1597 497; x_wconf 85' lang='lat' dir='ltr'>convocat,</span> <span class='ocrx_word' id='word_1_20' title='bbox 1650 427 1882 499; x_wconf 85' lang='lat' dir='ltr'>Argivos</span> 
     </span>
     <span class='ocr_line' id='line_1_5' title="bbox 244 501 1882 571; baseline 0.001 -18"><span class='ocrx_word' id='word_1_21' title='bbox 244 502 547 570; x_wconf 73' lang='lat' dir='ltr'>alloquitur.</span> <span class='ocrx_word' id='word_1_22' title='bbox 645 502 821 570; x_wconf 88' lang='lat' dir='ltr'>placet</span> <span class='ocrx_word' id='word_1_23' title='bbox 882 502 1153 571; x_wconf 90' lang='lat' dir='ltr'>omnibus,</span> <span class='ocrx_word' id='word_1_24' title='bbox 1216 506 1276 554; x_wconf 91' lang='lat' dir='ltr'>ut</span> <span class='ocrx_word' id='word_1_25' title='bbox 1337 521 1399 555; x_wconf 93' lang='lat' dir='ltr'>ea</span> <span class='ocrx_word' id='word_1_26' title='bbox 1461 520 1595 571; x_wconf 87' lang='lat' dir='ltr'>quae</span> <span class='ocrx_word' id='word_1_27' title='bbox 1655 501 1882 555; x_wconf 74' lang='lat' dir='ltr'>Achillis</span> 
     </span>
     <span class='ocr_line' id='line_1_6' title="bbox 197 574 1883 646; baseline 0.001 -20"><span class='ocrx_word' id='word_1_28' title='bbox 197 591 220 624; x_wconf 85' lang='lat'>5</span> <span class='ocrx_word' id='word_1_29' title='bbox 245 578 424 627; x_wconf 88' lang='lat' dir='ltr'>essent</span> <span class='ocrx_word' id='word_1_30' title='bbox 468 574 623 627; x_wconf 84' lang='lat' dir='ltr'>Aiaci</span> <span class='ocrx_word' id='word_1_31' title='bbox 669 575 971 645; x_wconf 90' lang='lat' dir='ltr'>propinquo</span> <span class='ocrx_word' id='word_1_32' title='bbox 1019 576 1132 628; x_wconf 91' lang='lat' dir='ltr'>eius</span> <span class='ocrx_word' id='word_1_33' title='bbox 1179 575 1678 629; x_wconf 74' lang='lat' dir='ltr'>commendarentur</span> <span class='ocrx_word' id='word_1_34' title='bbox 1724 579 1883 646; x_wconf 88' lang='lat' dir='ltr'>atque</span> 
     </span>
     <span class='ocr_line' id='line_1_7' title="bbox 243 648 1884 719; baseline 0.001 -19"><span class='ocrx_word' id='word_1_35' title='bbox 243 649 320 700; x_wconf 87' lang='lat' dir='ltr'>ita</span> <span class='ocrx_word' id='word_1_36' title='bbox 371 648 512 701; x_wconf 85' lang='lat' dir='ltr'>Aiax</span> <span class='ocrx_word' id='word_1_37' title='bbox 567 649 665 701; x_wconf 88' lang='lat' dir='ltr'>ait:</span> <span class='ocrx_word' id='word_1_38' title='bbox 721 667 842 702; x_wconf 89' lang='lat' dir='ltr'>cum</span> <span class='ocrx_word' id='word_1_39' title='bbox 894 650 1036 702; x_wconf 83' lang='lat' dir='ltr'>filius</span> <span class='ocrx_word' id='word_1_40' title='bbox 1089 649 1475 718; x_wconf 75' lang='lat' dir='ltr'>Neoptolemus</span> <span class='ocrx_word' id='word_1_41' title='bbox 1538 650 1587 702; x_wconf 91' lang='lat' dir='ltr'>ei</span> <span class='ocrx_word' id='word_1_42' title='bbox 1640 650 1884 719; x_wconf 81' lang='lat' dir='ltr'>supersit,</span> 
     </span>
     <span class='ocr_line' id='line_1_8' title="bbox 243 723 1884 807; baseline 0.001 -33"><span class='ocrx_word' id='word_1_43' title='bbox 243 723 513 775; x_wconf 92' lang='lat' dir='ltr'>neminem</span> <span class='ocrx_word' id='word_1_44' title='bbox 583 723 805 793; x_wconf 89' lang='lat' dir='ltr'>aequius</span> <span class='ocrx_word' id='word_1_45' title='bbox 875 742 1034 792; x_wconf 92' lang='lat' dir='ltr'>super</span> <span class='ocrx_word' id='word_1_46' title='bbox 1093 723 1455 792; x_wconf 87' lang='lat' dir='ltr'>Myrmidones</span> <span class='ocrx_word' id='word_1_47' title='bbox 1523 723 1884 807; x_wconf 82' lang='lat' dir='ltr'>principatum</span> 
     </span>
     <span class='ocr_line' id='line_1_9' title="bbox 243 797 1885 867; baseline 0.001 -19"><span class='ocrx_word' id='word_1_48' title='bbox 243 797 441 848; x_wconf 90' lang='lat' dir='ltr'>habere</span> <span class='ocrx_word' id='word_1_49' title='bbox 475 815 634 866; x_wconf 89' lang='lat' dir='ltr'>quam</span> <span class='ocrx_word' id='word_1_50' title='bbox 668 814 811 865; x_wconf 84' lang='lat' dir='ltr'>eum,</span> <span class='ocrx_word' id='word_1_51' title='bbox 851 801 1095 866; x_wconf 87' lang='lat' dir='ltr'>oportere</span> <span class='ocrx_word' id='word_1_52' title='bbox 1128 815 1248 850; x_wconf 91' lang='lat' dir='ltr'>eum</span> <span class='ocrx_word' id='word_1_53' title='bbox 1281 797 1348 850; x_wconf 90' lang='lat' dir='ltr'>ad</span> <span class='ocrx_word' id='word_1_54' title='bbox 1378 814 1618 867; x_wconf 83' lang='lat' dir='ltr'>pugnam</span> <span class='ocrx_word' id='word_1_55' title='bbox 1641 797 1885 851; x_wconf 88' lang='lat' dir='ltr'>accersiri</span> 
     </span>
     <span class='ocr_line' id='line_1_10' title="bbox 245 870 1883 940; baseline 0.001 -18"><span class='ocrx_word' id='word_1_56' title='bbox 245 870 397 940; x_wconf 88' lang='lat' dir='ltr'>eique</span> <span class='ocrx_word' id='word_1_57' title='bbox 436 871 685 923; x_wconf 88' lang='lat' dir='ltr'>universa</span> <span class='ocrx_word' id='word_1_58' title='bbox 725 889 859 940; x_wconf 89' lang='lat' dir='ltr'>quae</span> <span class='ocrx_word' id='word_1_59' title='bbox 898 872 1067 939; x_wconf 92' lang='lat' dir='ltr'>patris</span> <span class='ocrx_word' id='word_1_60' title='bbox 1107 875 1259 924; x_wconf 87' lang='lat' dir='ltr'>erant</span> <span class='ocrx_word' id='word_1_61' title='bbox 1300 871 1524 924; x_wconf 89' lang='lat' dir='ltr'>restitui.</span> <span class='ocrx_word' id='word_1_62' title='bbox 1602 871 1883 924; x_wconf 90' lang='lat' dir='ltr'>consilium</span> 
     </span>
     <span class='ocr_line' id='line_1_11' title="bbox 179 943 1884 1014; baseline 0.002 -20"><span class='ocrx_word' id='word_1_63' title='bbox 179 962 221 993; x_wconf 87' lang='grc'>10</span> <span class='ocrx_word' id='word_1_64' title='bbox 244 944 386 996; x_wconf 91' lang='lat' dir='ltr'>idem</span> <span class='ocrx_word' id='word_1_65' title='bbox 431 945 632 1012; x_wconf 87' lang='lat' dir='ltr'>placuit</span> <span class='ocrx_word' id='word_1_66' title='bbox 677 943 1076 1014; x_wconf 85' lang='lat' dir='ltr'>Agamemnoni</span> <span class='ocrx_word' id='word_1_67' title='bbox 1115 948 1167 998; x_wconf 89' lang='lat' dir='ltr'>et</span> <span class='ocrx_word' id='word_1_68' title='bbox 1211 945 1481 1013; x_wconf 78' lang='lat' dir='ltr'>omm&#39;bUS,</span> <span class='ocrx_word' id='word_1_69' title='bbox 1527 944 1684 997; x_wconf 90' lang='lat' dir='ltr'>datur</span> <span class='ocrx_word' id='word_1_70' title='bbox 1721 961 1884 1014; x_wconf 86' lang='lat' dir='ltr'>nego-</span> 
     </span>
     <span class='ocr_line' id='line_1_12' title="bbox 243 1017 1884 1087; baseline 0.001 -18"><span class='ocrx_word' id='word_1_71' title='bbox 243 1018 379 1070; x_wconf 90' lang='lat' dir='ltr'>tium</span> <span class='ocrx_word' id='word_1_72' title='bbox 429 1017 689 1070; x_wconf 79' lang='lat' dir='ltr'>Menelao,</span> <span class='ocrx_word' id='word_1_73' title='bbox 784 1018 871 1070; x_wconf 91' lang='lat' dir='ltr'>hic</span> <span class='ocrx_word' id='word_1_74' title='bbox 923 1017 1145 1087; x_wconf 83' lang='lat' dir='ltr'>Scyrum</span> <span class='ocrx_word' id='word_1_75' title='bbox 1202 1019 1554 1087; x_wconf 88' lang='lat' dir='ltr'>proficiscitur</span> <span class='ocrx_word' id='word_1_76' title='bbox 1602 1017 1670 1070; x_wconf 91' lang='lat' dir='ltr'>ad</span> <span class='ocrx_word' id='word_1_77' title='bbox 1717 1017 1884 1086; x_wconf 90' lang='lat' dir='ltr'>Lyco-</span> 
     </span>
     <span class='ocr_line' id='line_1_13' title="bbox 244 1091 1884 1161; baseline 0.001 -18"><span class='ocrx_word' id='word_1_78' title='bbox 244 1092 453 1144; x_wconf 91' lang='lat' dir='ltr'>medem</span> <span class='ocrx_word' id='word_1_79' title='bbox 486 1110 644 1144; x_wconf 90' lang='lat' dir='ltr'>avum</span> <span class='ocrx_word' id='word_1_80' title='bbox 676 1092 811 1159; x_wconf 91' lang='lat' dir='ltr'>eius,</span> <span class='ocrx_word' id='word_1_81' title='bbox 842 1092 1093 1160; x_wconf 90' lang='lat' dir='ltr'>imperat,</span> <span class='ocrx_word' id='word_1_82' title='bbox 1124 1095 1185 1144; x_wconf 88' lang='lat' dir='ltr'>ut</span> <span class='ocrx_word' id='word_1_83' title='bbox 1215 1095 1467 1161; x_wconf 90' lang='lat' dir='ltr'>nepotem</span> <span class='ocrx_word' id='word_1_84' title='bbox 1498 1110 1653 1144; x_wconf 91' lang='lat' dir='ltr'>suum</span> <span class='ocrx_word' id='word_1_85' title='bbox 1688 1091 1884 1144; x_wconf 85' lang='lat' dir='ltr'>mittat.</span> 
     </span>
     <span class='ocr_line' id='line_1_14' title="bbox 209 1162 1885 1235; baseline 0.001 -18"><span class='ocrx_word' id='word_1_86' title='bbox 209 1162 216 1167; x_wconf 50' lang='lat'><strong>⁴</strong></span> <span class='ocrx_word' id='word_1_87' title='bbox 246 1165 388 1235; x_wconf 90' lang='lat' dir='ltr'>quod</span> <span class='ocrx_word' id='word_1_88' title='bbox 419 1164 636 1235; x_wconf 83' lang='lat' dir='ltr'>Argivis</span> <span class='ocrx_word' id='word_1_89' title='bbox 667 1164 991 1234; x_wconf 86' lang='lat' dir='ltr'>Lycomedes</span> <span class='ocrx_word' id='word_1_90' title='bbox 1022 1166 1250 1218; x_wconf 87' lang='lat' dir='ltr'>libenter</span> <span class='ocrx_word' id='word_1_91' title='bbox 1282 1165 1538 1219; x_wconf 89' lang='lat' dir='ltr'>concedit.</span> <span class='ocrx_word' id='word_1_92' title='bbox 1599 1168 1885 1235; x_wconf 87' lang='lat' dir='ltr'>postquam</span> 
     </span>
     <span class='ocr_line' id='line_1_15' title="bbox 245 1238 1884 1309; baseline 0 -19"><span class='ocrx_word' id='word_1_93' title='bbox 245 1239 484 1291; x_wconf 85' lang='lat' dir='ltr'>indutiae</span> <span class='ocrx_word' id='word_1_94' title='bbox 524 1239 786 1308; x_wconf 91' lang='lat' dir='ltr'>exierunt,</span> <span class='ocrx_word' id='word_1_95' title='bbox 834 1238 1212 1309; x_wconf 85' lang='lat' dir='ltr'>Agamemnon</span> <span class='ocrx_word' id='word_1_96' title='bbox 1257 1239 1545 1292; x_wconf 88' lang='lat' dir='ltr'>exercitum</span> <span class='ocrx_word' id='word_1_97' title='bbox 1592 1238 1768 1292; x_wconf 89' lang='lat' dir='ltr'>educit</span> <span class='ocrx_word' id='word_1_98' title='bbox 1804 1239 1884 1290; x_wconf 89' lang='grc'>111-</span> 
     </span>
     <span class='ocr_line' id='line_1_16' title="bbox 180 1312 1884 1381; baseline 0.001 -19"><span class='ocrx_word' id='word_1_99' title='bbox 180 1329 223 1361; x_wconf 89' lang='lat'>15</span> <span class='ocrx_word' id='word_1_100' title='bbox 248 1313 407 1365; x_wconf 88' lang='lat' dir='ltr'>struit</span> <span class='ocrx_word' id='word_1_101' title='bbox 455 1313 715 1366; x_wconf 80' lang='lat' dir='ltr'>hortatur.</span> <span class='ocrx_word' id='word_1_102' title='bbox 800 1317 987 1365; x_wconf 87' lang='lat' dir='ltr'>contra</span> <span class='ocrx_word' id='word_1_103' title='bbox 1035 1313 1253 1366; x_wconf 87' lang='lat' dir='ltr'>Troiani</span> <span class='ocrx_word' id='word_1_104' title='bbox 1307 1331 1372 1366; x_wconf 89' lang='lat' dir='ltr'>ex</span> <span class='ocrx_word' id='word_1_105' title='bbox 1423 1313 1554 1365; x_wconf 91' lang='lat' dir='ltr'>urbe</span> <span class='ocrx_word' id='word_1_106' title='bbox 1606 1312 1884 1381; x_wconf 89' lang='lat' dir='ltr'>prodeunt.</span> 
     </span>
     <span class='ocr_line' id='line_1_17' title="bbox 245 1384 1956 1456; baseline 0 -18"><span class='ocrx_word' id='word_1_107' title='bbox 245 1387 508 1454; x_wconf 89' lang='lat' dir='ltr'>proelium</span> <span class='ocrx_word' id='word_1_108' title='bbox 569 1387 943 1455; x_wconf 84' lang='lat' dir='ltr'>committitur,</span> <span class='ocrx_word' id='word_1_109' title='bbox 1005 1387 1063 1439; x_wconf 92' lang='lat' dir='ltr'>in</span> <span class='ocrx_word' id='word_1_110' title='bbox 1116 1387 1290 1456; x_wconf 89' lang='lat' dir='ltr'>prima</span> <span class='ocrx_word' id='word_1_111' title='bbox 1351 1386 1461 1439; x_wconf 91' lang='lat' dir='ltr'>acie</span> <span class='ocrx_word' id='word_1_112' title='bbox 1515 1385 1654 1438; x_wconf 75' lang='lat' dir='ltr'>Aiax</span> <span class='ocrx_word' id='word_1_113' title='bbox 1710 1385 1885 1438; x_wconf 86' lang='lat' dir='ltr'>nudus</span> <span class='ocrx_word' id='word_1_114' title='bbox 1949 1384 1956 1394; x_wconf 86' lang='lat'>&#39;</span> 
     </span>
     <span class='ocr_line' id='line_1_18' title="bbox 246 1460 1885 1531; baseline -0.001 -19"><span class='ocrx_word' id='word_1_115' title='bbox 246 1464 501 1513; x_wconf 84' lang='lat' dir='ltr'>versatur.</span> <span class='ocrx_word' id='word_1_116' title='bbox 600 1462 831 1514; x_wconf 91' lang='lat' dir='ltr'>clamore</span> <span class='ocrx_word' id='word_1_117' title='bbox 892 1478 1091 1531; x_wconf 84' lang='lat' dir='ltr'>magno</span> <span class='ocrx_word' id='word_1_118' title='bbox 1156 1464 1272 1514; x_wconf 89' lang='lat' dir='ltr'>orto</span> <span class='ocrx_word' id='word_1_119' title='bbox 1327 1460 1483 1512; x_wconf 92' lang='lat' dir='ltr'>multi</span> <span class='ocrx_word' id='word_1_120' title='bbox 1542 1478 1606 1512; x_wconf 90' lang='lat' dir='ltr'>ex</span> <span class='ocrx_word' id='word_1_121' title='bbox 1657 1463 1885 1528; x_wconf 89' lang='lat' dir='ltr'>utroque</span> 
     </span>
     <span class='ocr_line' id='line_1_19' title="bbox 248 1533 1949 1602; baseline -0.001 -16"><span class='ocrx_word' id='word_1_122' title='bbox 248 1534 481 1586; x_wconf 89' lang='lat' dir='ltr'>exercitu</span> <span class='ocrx_word' id='word_1_123' title='bbox 519 1538 758 1602; x_wconf 85' lang='lat' dir='ltr'>pereunt.</span> <span class='ocrx_word' id='word_1_124' title='bbox 835 1534 1139 1587; x_wconf 89' lang='lat' dir='ltr'>Alexander</span> <span class='ocrx_word' id='word_1_125' title='bbox 1178 1552 1358 1587; x_wconf 90' lang='lat' dir='ltr'>arcum</span> <span class='ocrx_word' id='word_1_126' title='bbox 1395 1533 1645 1601; x_wconf 89' lang='lat' dir='ltr'>tetendit,</span> <span class='ocrx_word' id='word_1_127' title='bbox 1687 1533 1884 1585; x_wconf 87' lang='lat' dir='ltr'>multos</span> <span class='ocrx_word' id='word_1_128' title='bbox 1944 1582 1949 1594; x_wconf 30' lang='lat' dir='ltr'>x</span> 
     </span>
     <span class='ocr_line' id='line_1_20' title="bbox 246 1606 1884 1678; baseline -0.001 -18"><span class='ocrx_word' id='word_1_129' title='bbox 246 1608 534 1676; x_wconf 82' lang='lat' dir='ltr'>interfecit,</span> <span class='ocrx_word' id='word_1_130' title='bbox 580 1607 762 1661; x_wconf 87' lang='lat' dir='ltr'>Aiacis</span> <span class='ocrx_word' id='word_1_131' title='bbox 818 1609 957 1660; x_wconf 86' lang='lat' dir='ltr'>latus</span> <span class='ocrx_word' id='word_1_132' title='bbox 1011 1609 1213 1660; x_wconf 90' lang='lat' dir='ltr'>nudum</span> <span class='ocrx_word' id='word_1_133' title='bbox 1268 1608 1399 1678; x_wconf 84' lang='lat' dir='ltr'>figit.</span> <span class='ocrx_word' id='word_1_134' title='bbox 1483 1607 1623 1659; x_wconf 87' lang='lat' dir='ltr'>Aiax</span> <span class='ocrx_word' id='word_1_135' title='bbox 1677 1606 1884 1659; x_wconf 91' lang='lat' dir='ltr'>saucius</span> 
     </span>
     <span class='ocr_line' id='line_1_21' title="bbox 181 1679 1883 1751; baseline 0.001 -21"><span class='ocrx_word' id='word_1_136' title='bbox 181 1698 224 1729; x_wconf 83' lang='lat'>20</span> <span class='ocrx_word' id='word_1_137' title='bbox 249 1681 614 1734; x_wconf 88' lang='lat' dir='ltr'>Alexandrum</span> <span class='ocrx_word' id='word_1_138' title='bbox 653 1682 1008 1751; x_wconf 87' lang='lat' dir='ltr'>persequitur,</span> <span class='ocrx_word' id='word_1_139' title='bbox 1047 1700 1144 1734; x_wconf 91' lang='lat' dir='ltr'>nec</span> <span class='ocrx_word' id='word_1_140' title='bbox 1181 1682 1407 1749; x_wconf 85' lang='lat' dir='ltr'>destitit,</span> <span class='ocrx_word' id='word_1_141' title='bbox 1445 1681 1551 1733; x_wconf 91' lang='lat' dir='ltr'>nisi</span> <span class='ocrx_word' id='word_1_142' title='bbox 1589 1698 1710 1733; x_wconf 91' lang='lat' dir='ltr'>eum</span> <span class='ocrx_word' id='word_1_143' title='bbox 1751 1679 1883 1733; x_wconf 87' lang='lat' dir='ltr'>occi-</span> 
     </span>
     <span class='ocr_line' id='line_1_22' title="bbox 249 1754 1886 1824; baseline -0.001 -17"><span class='ocrx_word' id='word_1_144' title='bbox 249 1755 409 1807; x_wconf 89' lang='lat' dir='ltr'>deret.</span> <span class='ocrx_word' id='word_1_145' title='bbox 463 1754 604 1807; x_wconf 87' lang='lat' dir='ltr'>Aiax</span> <span class='ocrx_word' id='word_1_146' title='bbox 642 1756 813 1808; x_wconf 85' lang='lat' dir='ltr'>fessus</span> <span class='ocrx_word' id='word_1_147' title='bbox 853 1756 1070 1808; x_wconf 86' lang='lat' dir='ltr'>vulnere</span> <span class='ocrx_word' id='word_1_148' title='bbox 1101 1756 1158 1807; x_wconf 92' lang='lat' dir='ltr'>in</span> <span class='ocrx_word' id='word_1_149' title='bbox 1195 1759 1369 1808; x_wconf 89' lang='lat' dir='ltr'>castra</span> <span class='ocrx_word' id='word_1_150' title='bbox 1401 1755 1647 1821; x_wconf 86' lang='lat' dir='ltr'>refertur,</span> <span class='ocrx_word' id='word_1_151' title='bbox 1688 1754 1886 1824; x_wconf 84' lang='lat' dir='ltr'>sagitta</span> 
     </span>
    </p>
   </div>
   <div class='ocr_carea' id='block_1_3' title="bbox 247 1904 603 1910">
    <p class='ocr_par' dir='ltr' id='par_1_3' title="bbox 247 1904 603 1910">
     <span class='ocr_line' id='line_1_23' title="bbox 247 1904 603 1910; baseline 0 0"><span class='ocrx_word' id='word_1_152' title='bbox 247 1904 603 1910; x_wconf 95' lang='lat' dir='ltr'> </span> 
     </span>
    </p>
   </div>
   <div class='ocr_carea' id='block_1_4' title="bbox 248 1985 1888 2164">
    <p class='ocr_par' dir='ltr' id='par_1_4' title="bbox 248 1985 1888 2164">
     <span class='ocr_line' id='line_1_24' title="bbox 371 1985 1887 2046; baseline -0.001 -14"><span class='ocrx_word' id='word_1_153' title='bbox 371 1995 392 2032; x_wconf 86' lang='lat'>1</span> <span class='ocrx_word' id='word_1_154' title='bbox 425 1989 633 2034; x_wconf 88' lang='lat' dir='ltr'>indutias</span> <span class='ocrx_word' id='word_1_155' title='bbox 672 2003 755 2033; x_wconf 84' lang='lat' dir='ltr'>om.</span> <span class='ocrx_word' id='word_1_156' title='bbox 796 1988 839 2033; x_wconf 99' lang='lat' dir='ltr'><strong><em>G</em></strong></span> <span class='ocrx_word' id='word_1_157' title='bbox 881 1992 885 2045; x_wconf 91' lang='grc' dir='ltr'>Ι</span> <span class='ocrx_word' id='word_1_158' title='bbox 924 1989 1020 2032; x_wconf 86' lang='lat' dir='ltr'>fun.</span> <span class='ocrx_word' id='word_1_159' title='bbox 1060 1988 1155 2032; x_wconf 91' lang='lat' dir='ltr'>lud.</span> <span class='ocrx_word' id='word_1_160' title='bbox 1197 1987 1239 2032; x_wconf 91' lang='lat' dir='ltr'><strong><em>G</em></strong></span> <span class='ocrx_word' id='word_1_161' title='bbox 1274 1988 1279 2046; x_wconf 87' lang='grc' dir='ltr'>Ι</span> <span class='ocrx_word' id='word_1_162' title='bbox 1313 1988 1426 2032; x_wconf 86' lang='lat' dir='ltr'>fecit</span> <span class='ocrx_word' id='word_1_163' title='bbox 1462 1987 1506 2030; x_wconf 88' lang='lat' dir='ltr'><strong><em>L</em></strong></span> <span class='ocrx_word' id='word_1_164' title='bbox 1625 1992 1650 2031; x_wconf 93' lang='lat'><strong>3</strong></span> <span class='ocrx_word' id='word_1_165' title='bbox 1690 1985 1750 2031; x_wconf 92' lang='lat' dir='ltr'>ad</span> <span class='ocrx_word' id='word_1_166' title='bbox 1782 2000 1887 2031; x_wconf 90' lang='lat' dir='ltr'>con-</span> 
     </span>
     <span class='ocr_line' id='line_1_25' title="bbox 249 2045 1888 2106; baseline -0.002 -14"><span class='ocrx_word' id='word_1_167' title='bbox 249 2049 406 2092; x_wconf 87' lang='lat' dir='ltr'>silium</span> <span class='ocrx_word' id='word_1_168' title='bbox 437 2048 480 2092; x_wconf 92' lang='lat' dir='ltr'><strong><em>G</em></strong></span> <span class='ocrx_word' id='word_1_169' title='bbox 599 2053 627 2092; x_wconf 89' lang='lat'>4</span> <span class='ocrx_word' id='word_1_170' title='bbox 658 2049 815 2106; x_wconf 88' lang='lat' dir='ltr'>placet</span> <span class='ocrx_word' id='word_1_171' title='bbox 845 2048 1059 2092; x_wconf 84' lang='lat' dir='ltr'>omnibus</span> <span class='ocrx_word' id='word_1_172' title='bbox 1092 2061 1176 2091; x_wconf 87' lang='lat' dir='ltr'>om</span> <span class='ocrx_word' id='word_1_173' title='bbox 1208 2047 1250 2090; x_wconf 90' lang='lat' dir='ltr'><strong><em>L</em></strong></span> <span class='ocrx_word' id='word_1_174' title='bbox 1276 2051 1282 2103; x_wconf 89' lang='grc'>1</span> <span class='ocrx_word' id='word_1_175' title='bbox 1311 2060 1366 2091; x_wconf 90' lang='lat' dir='ltr'>ea</span> <span class='ocrx_word' id='word_1_176' title='bbox 1397 2060 1590 2103; x_wconf 86' lang='lat' dir='ltr'>quae—</span> <span class='ocrx_word' id='word_1_177' title='bbox 1608 2045 1747 2103; x_wconf 88' lang='lat' dir='ltr'>Aiax]</span> <span class='ocrx_word' id='word_1_178' title='bbox 1774 2045 1888 2102; x_wconf 84' lang='lat' dir='ltr'>quid</span> 
     </span>
     <span class='ocr_line' id='line_1_26' title="bbox 248 2103 1886 2164; baseline -0.002 -14"><span class='ocrx_word' id='word_1_179' title='bbox 248 2107 462 2152; x_wconf 86' lang='lat' dir='ltr'>faciendo</span> <span class='ocrx_word' id='word_1_180' title='bbox 506 2121 622 2164; x_wconf 86' lang='lat' dir='ltr'>opus</span> <span class='ocrx_word' id='word_1_181' title='bbox 656 2108 717 2152; x_wconf 86' lang='lat' dir='ltr'>sit</span> <span class='ocrx_word' id='word_1_182' title='bbox 756 2107 823 2151; x_wconf 88' lang='lat' dir='ltr'>dii</span> <span class='ocrx_word' id='word_1_183' title='bbox 854 2107 1157 2151; x_wconf 86' lang='lat' dir='ltr'>consulantur</span> <span class='ocrx_word' id='word_1_184' title='bbox 1189 2120 1216 2150; x_wconf 90' lang='lat' dir='ltr'>a</span> <span class='ocrx_word' id='word_1_185' title='bbox 1248 2106 1416 2163; x_wconf 83' lang='lat' dir='ltr'>quibus</span> <span class='ocrx_word' id='word_1_186' title='bbox 1457 2118 1731 2162; x_wconf 84' lang='lat' dir='ltr'>responsum</span> <span class='ocrx_word' id='word_1_187' title='bbox 1769 2103 1886 2148; x_wconf 84' lang='lat' dir='ltr'>acci-</span> 
     </span>
    </p>
   </div>
   <div class='ocr_carea' id='block_1_5' title="bbox 250 2163 1899 2258">
    <p class='ocr_par' dir='ltr' id='par_1_5' title="bbox 250 2163 1899 2258">
     <span class='ocr_line' id='line_1_27' title="bbox 250 2163 1899 2257; baseline -0.002 -47"><span class='ocrx_word' id='word_1_188' title='bbox 250 2167 390 2222; x_wconf 88' lang='lat' dir='ltr'>piunt</span> <span class='ocrx_word' id='word_1_189' title='bbox 427 2179 511 2223; x_wconf 88' lang='lat' dir='ltr'>per</span> <span class='ocrx_word' id='word_1_190' title='bbox 542 2166 726 2210; x_wconf 83' lang='lat' dir='ltr'>achillis</span> <span class='ocrx_word' id='word_1_191' title='bbox 766 2166 990 2223; x_wconf 86' lang='lat' dir='ltr'>progenie</span> <span class='ocrx_word' id='word_1_192' title='bbox 1021 2166 1160 2210; x_wconf 87' lang='lat' dir='ltr'>finem</span> <span class='ocrx_word' id='word_1_193' title='bbox 1192 2164 1387 2257; x_wconf 68' lang='grc' dir='ltr'>11θὲ00ὲο</span> <span class='ocrx_word' id='word_1_194' title='bbox 1430 2165 1544 2256; x_wconf 59' lang='lat' dir='ltr'>dtari</span> <span class='ocrx_word' id='word_1_195' title='bbox 1618 2163 1733 2208; x_wconf 87' lang='lat' dir='ltr'>Cum</span> <span class='ocrx_word' id='word_1_196' title='bbox 1771 2163 1899 2211; x_wconf 10' lang='lat' dir='ltr'>haec*</span> 
     </span>
     <span class='ocr_line' id='line_1_28' title="bbox 1250 2233 1518 2258; baseline -0.008 -0.812"><span class='ocrx_word' id='word_1_197' title='bbox 1250 2233 1319 2257; x_wconf 82' lang='lat' dir='ltr'>ono</span> <span class='ocrx_word' id='word_1_198' title='bbox 1320 2234 1339 2258; x_wconf 83' lang='grc' dir='ltr'><strong>Θ</strong></span> <span class='ocrx_word' id='word_1_199' title='bbox 1367 2233 1454 2257; x_wconf 69' lang='lat' dir='ltr'>eren</span> <span class='ocrx_word' id='word_1_200' title='bbox 1471 2233 1518 2256; x_wconf 83' lang='lat' dir='ltr'>ur</span> 
     </span>
    </p>
   </div>
   <div class='ocr_carea' id='block_1_6' title="bbox 250 2266 1894 2326">
    <p class='ocr_par' dir='ltr' id='par_1_6' title="bbox 250 2266 1894 2326">
     <span class='ocr_line' id='line_1_29' title="bbox 250 2266 1894 2326; baseline -0.001 -14"><span class='ocrx_word' id='word_1_201' title='bbox 250 2268 406 2313; x_wconf 88' lang='lat' dir='ltr'>nuntii</span> <span class='ocrx_word' id='word_1_202' title='bbox 434 2269 705 2314; x_wconf 85' lang='lat' dir='ltr'>retulissent</span> <span class='ocrx_word' id='word_1_203' title='bbox 737 2281 1047 2326; x_wconf 83' lang='lat' dir='ltr'>agamemnon</span> <span class='ocrx_word' id='word_1_204' title='bbox 1134 2273 1159 2312; x_wconf 88' lang='lat'>5</span> <span class='ocrx_word' id='word_1_205' title='bbox 1192 2268 1571 2312; x_wconf 80' lang='lat' dir='ltr'>commendarent</span> <span class='ocrx_word' id='word_1_206' title='bbox 1599 2266 1644 2310; x_wconf 92' lang='lat' dir='ltr'><strong><em>L</em></strong></span> <span class='ocrx_word' id='word_1_207' title='bbox 1731 2271 1759 2311; x_wconf 84' lang='grc'><strong>6</strong></span> <span class='ocrx_word' id='word_1_208' title='bbox 1782 2279 1894 2310; x_wconf 25' lang='lat' dir='ltr'>cumr</span> 
     </span>
    </p>
   </div>
   <div class='ocr_carea' id='block_1_7' title="bbox 250 2339 1891 2870">
    <p class='ocr_par' dir='ltr' id='par_1_7' title="bbox 250 2339 1891 2870">
     <span class='ocr_line' id='line_1_30' title="bbox 252 2339 1887 2398; baseline -0.002 -12"><span class='ocrx_word' id='word_1_209' title='bbox 252 2343 414 2387; x_wconf 87' lang='lat' dir='ltr'>achilli</span> <span class='ocrx_word' id='word_1_210' title='bbox 459 2342 490 2387; x_wconf 88' lang='lat' dir='ltr'>f.</span> <span class='ocrx_word' id='word_1_211' title='bbox 540 2342 583 2386; x_wconf 94' lang='lat' dir='ltr'><strong><em>G</em></strong></span> <span class='ocrx_word' id='word_1_212' title='bbox 630 2343 730 2398; x_wconf 86' lang='lat' dir='ltr'>(om.</span> <span class='ocrx_word' id='word_1_213' title='bbox 781 2342 841 2398; x_wconf 93' lang='lat' dir='ltr'>ei)</span> <span class='ocrx_word' id='word_1_214' title='bbox 886 2346 891 2398; x_wconf 82' lang='grc'>1</span> <span class='ocrx_word' id='word_1_215' title='bbox 935 2342 1256 2387; x_wconf 83' lang='lat' dir='ltr'>neobtolemus</span> <span class='ocrx_word' id='word_1_216' title='bbox 1302 2341 1345 2383; x_wconf 93' lang='lat' dir='ltr'><strong><em>L</em></strong></span> <span class='ocrx_word' id='word_1_217' title='bbox 1497 2346 1521 2385; x_wconf 79' lang='lat'><strong>7</strong></span> <span class='ocrx_word' id='word_1_218' title='bbox 1573 2355 1673 2397; x_wconf 83' lang='lat' dir='ltr'>sup.</span> <span class='ocrx_word' id='word_1_219' title='bbox 1721 2339 1887 2397; x_wconf 84' lang='lat' dir='ltr'>Myrm.</span> 
     </span>
     <span class='ocr_line' id='line_1_31' title="bbox 250 2397 1890 2458; baseline -0.001 -14"><span class='ocrx_word' id='word_1_220' title='bbox 250 2402 395 2458; x_wconf 89' lang='lat' dir='ltr'>princ</span> <span class='ocrx_word' id='word_1_221' title='bbox 429 2414 513 2446; x_wconf 84' lang='lat' dir='ltr'>om.</span> <span class='ocrx_word' id='word_1_222' title='bbox 537 2402 581 2444; x_wconf 95' lang='lat' dir='ltr'><strong><em>L</em></strong></span> <span class='ocrx_word' id='word_1_223' title='bbox 700 2406 726 2446; x_wconf 91' lang='lat'>8</span> <span class='ocrx_word' id='word_1_224' title='bbox 758 2401 950 2458; x_wconf 85' lang='lat' dir='ltr'>habere]</span> <span class='ocrx_word' id='word_1_225' title='bbox 978 2414 1136 2458; x_wconf 85' lang='lat' dir='ltr'>gerere</span> <span class='ocrx_word' id='word_1_226' title='bbox 1161 2400 1205 2444; x_wconf 91' lang='lat' dir='ltr'><strong><em>G</em></strong></span> <span class='ocrx_word' id='word_1_227' title='bbox 1231 2403 1236 2452; x_wconf 72' lang='lat'>1</span> <span class='ocrx_word' id='word_1_228' title='bbox 1265 2414 1407 2456; x_wconf 88' lang='lat' dir='ltr'>quam</span> <span class='ocrx_word' id='word_1_229' title='bbox 1437 2413 1543 2444; x_wconf 88' lang='lat' dir='ltr'>eum</span> <span class='ocrx_word' id='word_1_230' title='bbox 1570 2412 1654 2443; x_wconf 85' lang='lat' dir='ltr'>om.</span> <span class='ocrx_word' id='word_1_231' title='bbox 1680 2397 1723 2443; x_wconf 91' lang='lat' dir='ltr'><strong><em>G</em></strong></span> <span class='ocrx_word' id='word_1_232' title='bbox 1748 2398 1755 2455; x_wconf 85' lang='grc' dir='ltr'>Ι</span> <span class='ocrx_word' id='word_1_233' title='bbox 1783 2412 1890 2442; x_wconf 88' lang='lat' dir='ltr'>eum</span> 
     </span>
     <span class='ocr_line' id='line_1_32' title="bbox 251 2455 1889 2516; baseline -0.003 -12"><span class='ocrx_word' id='word_1_234' title='bbox 251 2473 334 2504; x_wconf 82' lang='lat' dir='ltr'>om.</span> <span class='ocrx_word' id='word_1_235' title='bbox 367 2461 411 2503; x_wconf 88' lang='lat' dir='ltr'><strong><em>L</em></strong></span> <span class='ocrx_word' id='word_1_236' title='bbox 445 2461 452 2516; x_wconf 73' lang='grc' dir='ltr'><strong>ι</strong></span> <span class='ocrx_word' id='word_1_237' title='bbox 486 2459 700 2505; x_wconf 86' lang='lat' dir='ltr'>arcersiri</span> <span class='ocrx_word' id='word_1_238' title='bbox 730 2459 774 2502; x_wconf 90' lang='lat' dir='ltr'><strong><em>L</em></strong></span> <span class='ocrx_word' id='word_1_239' title='bbox 809 2463 812 2514; x_wconf 70' lang='grc' dir='ltr'>Ι</span> <span class='ocrx_word' id='word_1_240' title='bbox 850 2473 1064 2515; x_wconf 85' lang='lat' dir='ltr'>quam—</span> <span class='ocrx_word' id='word_1_241' title='bbox 1080 2459 1276 2516; x_wconf 89' lang='lat' dir='ltr'>placuit]</span> <span class='ocrx_word' id='word_1_242' title='bbox 1329 2471 1527 2514; x_wconf 87' lang='lat' dir='ltr'>eumque</span> <span class='ocrx_word' id='word_1_243' title='bbox 1569 2457 1783 2502; x_wconf 84' lang='lat' dir='ltr'>arcersiri</span> <span class='ocrx_word' id='word_1_244' title='bbox 1828 2455 1889 2500; x_wconf 83' lang='lat' dir='ltr'>ad</span> 
     </span>
     <span class='ocr_line' id='line_1_33' title="bbox 252 2515 1888 2575; baseline -0.003 -12"><span class='ocrx_word' id='word_1_245' title='bbox 252 2519 506 2563; x_wconf 89' lang='lat' dir='ltr'>exercitum</span> <span class='ocrx_word' id='word_1_246' title='bbox 537 2521 749 2575; x_wconf 88' lang='lat' dir='ltr'>oportere</span> <span class='ocrx_word' id='word_1_247' title='bbox 789 2520 841 2562; x_wconf 91' lang='lat' dir='ltr'>ut</span> <span class='ocrx_word' id='word_1_248' title='bbox 879 2520 1123 2574; x_wconf 86' lang='lat' dir='ltr'>parentem</span> <span class='ocrx_word' id='word_1_249' title='bbox 1154 2533 1288 2562; x_wconf 81' lang='lat' dir='ltr'>suum</span> <span class='ocrx_word' id='word_1_250' title='bbox 1320 2516 1573 2561; x_wconf 83' lang='lat' dir='ltr'>ulciscatur</span> <span class='ocrx_word' id='word_1_251' title='bbox 1604 2515 1888 2572; x_wconf 80' lang='lat' dir='ltr'>tandemque</span> 
     </span>
     <span class='ocr_line' id='line_1_34' title="bbox 250 2575 1890 2640; baseline -0.002 -20"><span class='ocrx_word' id='word_1_252' title='bbox 250 2577 319 2621; x_wconf 80' lang='lat' dir='ltr'>iei</span> <span class='ocrx_word' id='word_1_253' title='bbox 349 2578 576 2622; x_wconf 84' lang='lat' dir='ltr'>terminus</span> <span class='ocrx_word' id='word_1_254' title='bbox 615 2577 763 2622; x_wconf 90' lang='lat' dir='ltr'>detur.</span> <span class='ocrx_word' id='word_1_255' title='bbox 825 2576 988 2620; x_wconf 88' lang='lat' dir='ltr'>Placet</span> <span class='ocrx_word' id='word_1_256' title='bbox 1025 2576 1068 2620; x_wconf 91' lang='lat' dir='ltr'><strong><em>G</em></strong></span> <span class='ocrx_word' id='word_1_257' title='bbox 1100 2579 1198 2631; x_wconf 86' lang='lat' dir='ltr'>(om.</span> <span class='ocrx_word' id='word_1_258' title='bbox 1238 2576 1434 2632; x_wconf 86' lang='lat' dir='ltr'>placuit)</span> <span class='ocrx_word' id='word_1_259' title='bbox 1558 2579 1612 2619; x_wconf 89' lang='lat'>10</span> <span class='ocrx_word' id='word_1_260' title='bbox 1643 2575 1890 2640; x_wconf 79' lang='lat' dir='ltr'>Agamem·</span> 
     </span>
     <span class='ocr_line' id='line_1_35' title="bbox 251 2631 1888 2703; baseline -0.002 -24"><span class='ocrx_word' id='word_1_261' title='bbox 251 2637 364 2703; x_wconf 75' lang='lat' dir='ltr'>noni</span> <span class='ocrx_word' id='word_1_262' title='bbox 401 2639 450 2681; x_wconf 87' lang='lat' dir='ltr'>et</span> <span class='ocrx_word' id='word_1_263' title='bbox 488 2637 703 2681; x_wconf 83' lang='lat' dir='ltr'>omnibus</span> <span class='ocrx_word' id='word_1_264' title='bbox 742 2649 824 2690; x_wconf 82' lang='lat' dir='ltr'>om.</span> <span class='ocrx_word' id='word_1_265' title='bbox 865 2635 908 2678; x_wconf 94' lang='lat' dir='ltr'><strong><em>L</em></strong></span> <span class='ocrx_word' id='word_1_266' title='bbox 946 2638 951 2690; x_wconf 78' lang='grc' dir='ltr'>Ι</span> <span class='ocrx_word' id='word_1_267' title='bbox 990 2635 1072 2679; x_wconf 86' lang='lat' dir='ltr'>dat</span> <span class='ocrx_word' id='word_1_268' title='bbox 1102 2635 1145 2677; x_wconf 93' lang='lat' dir='ltr'><strong><em>L</em></strong></span> <span class='ocrx_word' id='word_1_269' title='bbox 1282 2639 1333 2677; x_wconf 90' lang='lat'>11</span> <span class='ocrx_word' id='word_1_270' title='bbox 1380 2633 1457 2677; x_wconf 90' lang='lat' dir='ltr'>hic</span> <span class='ocrx_word' id='word_1_271' title='bbox 1495 2632 1667 2677; x_wconf 89' lang='lat' dir='ltr'>scirum</span> <span class='ocrx_word' id='word_1_272' title='bbox 1705 2631 1750 2677; x_wconf 91' lang='lat' dir='ltr'><strong><em>G</em></strong></span> <span class='ocrx_word' id='word_1_273' title='bbox 1814 2631 1888 2676; x_wconf 81' lang='lat' dir='ltr'>his</span> 
     </span>
     <span class='ocr_line' id='line_1_36' title="bbox 254 2686 1888 2751; baseline -0.003 -12"><span class='ocrx_word' id='word_1_274' title='bbox 254 2694 428 2738; x_wconf 85' lang='lat' dir='ltr'>circum</span> <span class='ocrx_word' id='word_1_275' title='bbox 458 2695 502 2738; x_wconf 89' lang='lat' dir='ltr'><strong><em>L</em></strong></span> <span class='ocrx_word' id='word_1_276' title='bbox 528 2697 534 2751; x_wconf 89' lang='grc' dir='ltr'>Ι</span> <span class='ocrx_word' id='word_1_277' title='bbox 561 2686 822 2739; x_wconf 85' lang='lat' dir='ltr'>licomeden</span> <span class='ocrx_word' id='word_1_278' title='bbox 846 2693 889 2738; x_wconf 92' lang='lat' dir='ltr'><strong><em>G</em></strong></span> <span class='ocrx_word' id='word_1_279' title='bbox 1010 2699 1064 2737; x_wconf 81' lang='lat'>17</span> <span class='ocrx_word' id='word_1_280' title='bbox 1096 2694 1232 2737; x_wconf 82' lang='lat' dir='ltr'>horto</span> <span class='ocrx_word' id='word_1_281' title='bbox 1265 2691 1308 2736; x_wconf 93' lang='lat' dir='ltr'><strong><em>G</em></strong></span> <span class='ocrx_word' id='word_1_282' title='bbox 1333 2694 1339 2747; x_wconf 84' lang='grc' dir='ltr'>Ι</span> <span class='ocrx_word' id='word_1_283' title='bbox 1368 2705 1425 2736; x_wconf 89' lang='lat' dir='ltr'>ex</span> <span class='ocrx_word' id='word_1_284' title='bbox 1455 2704 1539 2735; x_wconf 87' lang='lat' dir='ltr'>om.</span> <span class='ocrx_word' id='word_1_285' title='bbox 1572 2691 1615 2735; x_wconf 93' lang='lat' dir='ltr'><strong><em>G</em></strong></span> <span class='ocrx_word' id='word_1_286' title='bbox 1649 2693 1654 2747; x_wconf 83' lang='grc' dir='ltr'>Ι</span> <span class='ocrx_word' id='word_1_287' title='bbox 1690 2693 1888 2747; x_wconf 85' lang='lat' dir='ltr'>utraque</span> 
     </span>
     <span class='ocr_line' id='line_1_37' title="bbox 253 2747 1890 2819; baseline -0.002 -23"><span class='ocrx_word' id='word_1_288' title='bbox 253 2755 388 2810; x_wconf 88' lang='lat' dir='ltr'>parte</span> <span class='ocrx_word' id='word_1_289' title='bbox 426 2754 666 2810; x_wconf 88' lang='lat' dir='ltr'>perierunt</span> <span class='ocrx_word' id='word_1_290' title='bbox 710 2753 823 2798; x_wconf 88' lang='lat' dir='ltr'>fessi</span> <span class='ocrx_word' id='word_1_291' title='bbox 869 2752 1037 2797; x_wconf 88' lang='lat' dir='ltr'>acriter</span> <span class='ocrx_word' id='word_1_292' title='bbox 1081 2751 1336 2819; x_wconf 85' lang='lat' dir='ltr'>pugnando</span> <span class='ocrx_word' id='word_1_293' title='bbox 1377 2750 1420 2795; x_wconf 93' lang='lat' dir='ltr'><strong><em>G</em></strong></span> <span class='ocrx_word' id='word_1_294' title='bbox 1551 2755 1606 2795; x_wconf 88' lang='grc'>18</span> <span class='ocrx_word' id='word_1_295' title='bbox 1650 2748 1804 2794; x_wconf 86' lang='lat' dir='ltr'>tendit</span> <span class='ocrx_word' id='word_1_296' title='bbox 1846 2747 1890 2793; x_wconf 88' lang='lat' dir='ltr'><strong><em>G</em></strong></span> 
     </span>
     <span class='ocr_line' id='line_1_38' title="bbox 256 2807 1891 2870; baseline -0.002 -15"><span class='ocrx_word' id='word_1_297' title='bbox 256 2818 310 2856; x_wconf 87' lang='grc'>19</span> <span class='ocrx_word' id='word_1_298' title='bbox 357 2813 599 2870; x_wconf 89' lang='lat' dir='ltr'>interficit]</span> <span class='ocrx_word' id='word_1_299' title='bbox 641 2812 812 2857; x_wconf 87' lang='lat' dir='ltr'>occidit</span> <span class='ocrx_word' id='word_1_300' title='bbox 858 2811 901 2856; x_wconf 92' lang='lat' dir='ltr'><strong><em>G</em></strong></span> <span class='ocrx_word' id='word_1_301' title='bbox 939 2813 944 2865; x_wconf 70' lang='lat' dir='ltr'>l</span> <span class='ocrx_word' id='word_1_302' title='bbox 985 2811 1105 2855; x_wconf 86' lang='lat' dir='ltr'>aiaci</span> <span class='ocrx_word' id='word_1_303' title='bbox 1152 2810 1195 2854; x_wconf 92' lang='lat' dir='ltr'><strong><em>G</em></strong></span> <span class='ocrx_word' id='word_1_304' title='bbox 1233 2814 1236 2865; x_wconf 68' lang='grc' dir='ltr'>Ι</span> <span class='ocrx_word' id='word_1_305' title='bbox 1277 2810 1336 2853; x_wconf 88' lang='lat' dir='ltr'>al.</span> <span class='ocrx_word' id='word_1_306' title='bbox 1390 2822 1476 2866; x_wconf 91' lang='lat' dir='ltr'>per</span> <span class='ocrx_word' id='word_1_307' title='bbox 1516 2809 1674 2853; x_wconf 82' lang='lat' dir='ltr'>hostes</span> <span class='ocrx_word' id='word_1_308' title='bbox 1721 2807 1891 2853; x_wconf 85' lang='lat' dir='ltr'>acriter</span> 
     </span>
    </p>
   </div>
   <div class='ocr_carea' id='block_1_8' title="bbox 255 2867 1887 2973">
    <p class='ocr_par' dir='ltr' id='par_1_8' title="bbox 255 2867 1887 2973">
     <span class='ocr_line' id='line_1_39' title="bbox 255 2867 1887 2973; baseline -0.002 -60"><span class='ocrx_word' id='word_1_309' title='bbox 255 2871 472 2973; x_wconf 45' lang='lat' dir='ltr'>persqui</span> <span class='ocrx_word' id='word_1_310' title='bbox 518 2871 673 2928; x_wconf 89' lang='lat' dir='ltr'>coepit</span> <span class='ocrx_word' id='word_1_311' title='bbox 720 2871 763 2916; x_wconf 92' lang='lat' dir='ltr'><strong><em>G</em></strong></span> <span class='ocrx_word' id='word_1_312' title='bbox 897 2875 954 2914; x_wconf 81' lang='lat'>20</span> <span class='ocrx_word' id='word_1_313' title='bbox 1001 2883 1106 2914; x_wconf 92' lang='lat' dir='ltr'>eum</span> <span class='ocrx_word' id='word_1_314' title='bbox 1152 2882 1234 2913; x_wconf 85' lang='lat' dir='ltr'>om.</span> <span class='ocrx_word' id='word_1_315' title='bbox 1283 2868 1326 2913; x_wconf 92' lang='lat' dir='ltr'><strong><em>G</em></strong></span> <span class='ocrx_word' id='word_1_316' title='bbox 1401 2867 1651 2924; x_wconf 88' lang='lat' dir='ltr'>occideret]</span> <span class='ocrx_word' id='word_1_317' title='bbox 1687 2868 1887 2924; x_wconf 78' lang='lat' dir='ltr'>proster-</span> 
     </span>
     <span class='ocr_line' id='line_1_40' title="bbox 256 2942 362 2972; baseline 0.019 -2"><span class='ocrx_word' id='word_1_318' title='bbox 256 2942 362 2972; x_wconf 73' lang='grc' dir='ltr'>ΠΘΥΘ</span> 
     </span>
    </p>
   </div>
  </div>
 </body>
</html>
