1956 3178
0 0 23 15 ι’
94 2 126 18 2*
170 3 178 13 r
206 0 218 8 ν

0 0 115 68 :zzz
134 19 163 36 Ἰ·

0 53 70 82 ..ΡΗ

31 83 65 108 ,ξιξ

545 130 733 172 BELLI
763 129 1016 173 TROIANI
1045 125 1164 168 Lm.
1196 125 1256 166 11.
1561 139 1574 147 *
1643 122 1713 175 29

88 255 298 309 affatim
322 255 730 324 praebebantur.
794 254 986 308 dehinc
1012 253 1343 321 frumentum
1377 269 1474 320 per
1498 269 1713 304 omnem

0 344 5 347 ’·
87 326 386 380 exereitum
411 327 579 378 totius
617 326 746 378 anni
770 325 1043 394 pollicitus
1069 342 1232 376 naves
1268 322 1553 391 0116131133,
1582 339 1712 390 quas

93 398 164 450 ob
220 396 274 450 id
330 396 468 449 Aiax
533 413 711 449 secum
766 395 1047 463 habuerat,
1106 395 1302 463 replet:
1366 393 1549 445 multis
1596 410 1711 444 exe-

90 467 424 521 crationibus
498 466 788 520 amicitiam
857 465 1061 518 Priami
1133 465 1413 518 adversum
1482 463 1713 516 Graecos

93 556 326 591 renuens
363 538 421 590 in
455 537 602 606 pacis
627 537 786 590 fidem
824 540 1067 606 receptus
1106 539 1202 589 est.
1276 536 1372 588 his·
1403 535 1536 587 actis
1573 534 1713 586 Aiax
1735 548 1755 578 ⁵

95 610 200 662 iter
234 608 301 661 ad
325 607 569 678 Phrygas
608 608 875 661 convertit
912 613 1287 678 ingressusque
1318 624 1503 659 eorum
1541 605 1712 675 regio-

93 697 218 732 nem
263 678 650 731 Teuthrantem
701 679 978 731 dominum
1026 678 1266 731 locorum
1315 676 1556 730 solitario
1605 694 1712 728 cer-

89 750 292 803 tamine
346 750 599 802 interficit
663 767 723 802 ac
788 753 911 818 post
972 767 1172 818 paucos
1233 748 1344 800 dies
1407 749 1714 816 expugnata

93 823 254 889 atque
291 820 510 873 incensa
547 821 762 873 civitate
809 837 1063 890 magnam
1109 820 1220 871 vim
1263 817 1490 887 praedae
1527 817 1710 884 trahit,

90 891 359 944 abducens
397 890 730 944 Tecmessam
776 891 942 943 filiam
979 891 1137 960 regis,
1736 905 1775 935 10

235 961 380 1014 XIX.
454 961 628 1032 Igitur
664 962 821 1014 ambo
871 961 1029 1014 duces
1072 961 1255 1013 multis
1293 960 1514 1012 vastatis
1552 962 1711 1027 atque

94 1032 416 1102 expugnatis
453 1033 765 1102 regionibus
813 1033 915 1101 ipsi
958 1033 1087 1084 clari
1126 1036 1284 1100 atque
1323 1031 1596 1100 magnifici
1634 1031 1713 1082 111-

91 1103 244 1172 genti
290 1103 533 1171 nomine,
584 1122 679 1172 per
728 1103 936 1156 diversa
983 1103 1101 1156 loca
1148 1102 1299 1171 quasi
1348 1101 1411 1154 de
1449 1100 1712 1154 industria

92 1172 282 1226 eodem
329 1176 570 1242 tempore
617 1174 682 1226 ad
731 1174 1020 1226 exercitum
1065 1190 1382 1226 remeavere.
1457 1171 1580 1224 dein
1617 1189 1714 1240 per

91 1261 383 1312 praecones
430 1243 706 1297 conductis
753 1245 809 1296 in
859 1263 1026 1296 unum
1074 1244 1280 1297 cunctis
1317 1243 1580 1295 militibus
1619 1242 1711 1294 du·
1736 1256 1776 1290 15

92 1314 349 1383 cibusque
396 1316 667 1385 progressi
716 1315 774 1367 in
821 1314 1055 1367 medium
1103 1314 1304 1384 singuli
1351 1314 1598 1366 laborum
1636 1317 1712 1365 at—

94 1402 198 1453 que
234 1384 529 1438 industriae
567 1385 885 1439 documenta
922 1386 980 1437 in
1018 1388 1309 1454 conspectu
1348 1385 1587 1438 omnium
1627 1402 1712 1436 ex-

90 1473 334 1524 posuere.
410 1474 545 1524 quae
583 1457 676 1509 ubi
713 1456 903 1509 Graeci
941 1455 1240 1523 advertere,
1278 1455 1463 1508 favore
1501 1455 1712 1524 ingenti

92 1543 155 1578 ac
190 1525 437 1579 laudibus
474 1545 565 1579 603
592 1527 861 1596 prosecuti
887 1526 1195 1595 mediosque
1222 1530 1519 1579 statuentes
1548 1526 1710 1578 ramis

93 1595 242 1649 oleae
268 1614 607 1650 coronavere.
661 1597 784 1650 dein
813 1597 1095 1650 consilium
1123 1598 1186 1649 de
1213 1596 1497 1649 dividenda
1515 1596 1711 1665 praeda
1733 1611 1776 1643 20

92 1666 281 1719 haberi
318 1670 567 1736 coeptum
597 1667 826 1721 Nestore
865 1671 918 1720 et
954 1668 1241 1720 Idomeneo
1281 1668 1339 1719 in
1377 1667 1710 1720 decernendo
1856 1675 1859 1677 ’

92 1737 311 1806 optimis
349 1739 670 1791 auctoribus
758 1740 939 1807 itaque
988 1742 1303 1791 cunctorum
1341 1738 1609 1791 sent-entia
1647 1756 1710 1790 ex

91 1807 241 1861 omni
278 1808 490 1877 praeda,
530 1828 690 1878 quam
727 1809 966 1862 Achilles
1005 1809 1395 1878 adportaverat,
1435 1812 1711 1878 exceptam

90 1877 338 1931 Eetionis
376 1880 661 1950 coniugem
698 1883 1060 1949 Astynomen,
1108 1899 1267 1949 quam
1307 1879 1498 1948 Chrysi
1544 1880 1710 1932 filiam

90 1966 253 2017 supra
290 1948 566 2003 docuimus
577 1993 590 2019 ,
641 1952 709 2003 ob
755 1951 1017 2004 honorem
1065 1951 1274 2020 regium
1312 1951 1710 2072 Agamemnoni
1733 1965 1775 1998 25

92 2019 350 2088 optulere.
441 2021 555 2090 ipse
603 2022 764 2074 etiam
812 2022 1052 2074 Achilles
1097 2024 1309 2089 praeter
1406 2021 1498 2072 risi
1543 2021 1710 2073 filiam

90 2089 509 2159 Hippodamiam
556 2091 903 2144 Diomedeam
950 2092 1053 2144 sibi
1099 2092 1346 2155 retinuit,
1395 2091 1539 2159 quod
1577 2092 1710 2143 eius-

92 2159 215 2212 dem
251 2162 441 2214 aetatis
479 2165 639 2230 atque
687 2162 929 2215 alimonii
976 2180 1089 2215 non
1135 2163 1249 2214 sine
1287 2179 1486 2232 magno
1526 2162 1709 2214 dolore

92 2228 277 2282 divelli
313 2234 566 2299 poterant
601 2236 655 2285 et
693 2233 761 2285 ob
798 2233 853 2284 id
890 2233 996 2285 iam
1023 2235 1180 2286 antea
1217 2233 1444 2303 genibus
1479 2231 1708 2285 Achillis

92 2300 404 2369 obvolutae,
452 2321 521 2355 ne
567 2307 942 2371 separarentur
986 2304 1196 2374 magnis
1243 2304 1489 2372 precibus
1528 2321 1708 2355 orave·
1731 2317 1773 2350 30

91 2374 230 2423 rant.
293 2375 528 2425 ceterum
565 2374 771 2443 reliqua
796 2374 992 2443 praeda
1029 2375 1230 2427 viritim
1263 2375 1331 2427 ob
1370 2374 1706 2443 singulorum

91 2441 282 2494 merita
318 2442 601 2496 distributa
638 2448 732 2496 est.
808 2445 932 2497 dein
971 2463 1106 2514 quae
1138 2446 1276 2497 Aiax
1315 2444 1707 2512 adportaverat,

92 2509 278 2565 Ulixes
316 2516 369 2566 et
405 2512 692 2567 Diomedes
729 2519 922 2585 rogatu
971 2516 1083 2568 eius
1126 2516 1183 2568 in
1221 2515 1423 2568 medios
1460 2515 1706 2582 intulere,

207 2685 232 2724 3
269 2683 466 2725 habebat
511 2685 551 2723 V
691 2687 717 2727 5
756 2699 986 2728 rennuens
1028 2687 1062 2728 G
1207 2689 1231 2727 7
1263 2686 1588 2728 theutandrum
1631 2686 1709 2728 ΕΒ

32 2743 34 2747 ’
94 2740 146 2780 10
167 2738 399 2781 adducens
422 2741 457 2782 G
483 2740 489 2792 Ι
514 2743 775 2783 tecmissam
801 2742 880 2783 ΕΒ
957 2746 1008 2785 15
1031 2755 1252 2797 precones
1277 2744 1311 2785 G
1384 2746 1439 2785 20
1460 2743 1604 2796 preda
1630 2742 1708 2784 ΕΒ

91 2796 147 2835 21
178 2794 418 2837 idomenea
450 2797 486 2838 G
543 2797 808 2840 idomeneus
841 2799 883 2839 B
998 2802 1052 2840 22
1085 2802 1325 2840 sentencia
1359 2800 1438 2841 ΕΒ
1543 2802 1598 2841 23
1631 2812 1710 2840 ex·

95 2856 277 2904 ceptam
306 2859 350 2892 ut
378 2855 620 2894 coniecerat
647 2855 898 2908 Vindinyius
926 2856 971 2895 V
1024 2860 1215 2909 excepta
1239 2856 1316 2898 ΕΒ
1402 2858 1458 2897 24
1480 2857 1708 2898 eaetionis

96 2906 175 2948 ΕΒ
235 2909 475 2963 coniugem
506 2913 772 2962 astynomen
806 2912 839 2952 G
955 2913 1009 2952 26
1039 2912 1178 2953 brissi
1210 2913 1302 2954 ΕΒ.
