1956 3178
217 150 295 202 64

222 268 476 313 Hermiona
498 267 705 311 Helenae
734 266 834 310 filia
866 271 942 322 11,
968 271 1025 310 24

220 327 429 372 Hesiona
498 325 827 370 Laomedontis
899 325 1024 383 regis

282 387 382 430 filia
428 385 488 429 ab
535 384 734 429 Hercule
779 384 1026 428 Telamoni

282 446 404 489 dono
437 445 576 488 datur
603 449 652 499 5,
680 449 734 488 16
783 443 1023 488 servitium

215 563 522 620 ‘Hippothous
573 576 628 605 ex
666 561 829 605 Larisa
866 561 1024 606 Troia-

280 636 445 666 norum
462 622 554 665 dux
581 626 651 675 22,
674 626 726 665 18
759 621 818 664 ab
841 621 1024 664 Achille

283 680 511 725 occiditur
543 685 621 736 26,
648 685 702 723 21

219 740 451 785 Homerus
463 739 554 783 fide
564 739 717 782 minus
731 738 900 796 dignus
918 744 955 795 1,
972 744 1023 783 13

222 798 481 855 hospitium
519 798 643 842 inter
682 798 940 854 Telephum
978 801 1025 842 et

281 858 617 902 Teuthrantem
655 862 732 911 21,
759 862 784 900 5

161 970 164 971 ⁷
217 916 407 961 'hostiae
441 922 517 972 51,
554 922 575 959 1

220 976 458 1020 Ialmenus
484 989 539 1019 ex
570 974 860 1019 Orchomeno
885 974 1024 1019 Grae·

276 1048 441 1078 corum
458 1034 551 1078 dux
571 1039 639 1088 17,
660 1039 713 1078 15
747 1035 807 1079 ab
822 1034 1023 1079 Hectore

279 1093 550 1137 interfectus
584 1097 662 1149 26,
691 1099 744 1138 18

218 1154 358 1196 ,Iason
403 1152 527 1196 filius
574 1152 769 1196 Aesonis
818 1166 846 1195 a
891 1151 1025 1196 Pelia

281 1211 511 1255 avunculo
567 1209 764 1255 Colchos
818 1211 1024 1255 mittitur

282 1275 330 1326 2,
357 1275 382 1313 2
416 1275 464 1325 3,
493 1273 546 1314 18

216 1328 304 1372 Ida
322 1328 454 1385 silva,
471 1328 539 1372 ibi
555 1328 811 1373 Mercurius
823 1329 1023 1373 Alexan-

279 1388 362 1431 dro
395 1389 592 1444 apparet
623 1392 671 1444 9,
698 1394 724 1432 5
774 1388 1021 1432 materiam

278 1447 475 1503 praebet
502 1447 562 1490 ad
597 1460 740 1491 naves
776 1447 1020 1491 aedifican-

279 1506 362 1550 das
396 1511 473 1561 10,
498 1510 554 1550 26

219 1565 494 1610 Idomeneus
546 1564 778 1609 Cretensis
826 1563 1021 1608 Graeco-

279 1640 383 1668 rum
415 1625 509 1668 dux
548 1629 623 1678 18,
650 1630 675 1668 6
730 1623 791 1667 ab
822 1623 1021 1667 Hectore

279 1683 553 1727 interfectus
586 1688 663 1738 29,
690 1688 742 1726 21

220 1742 358 1786 Ilium
391 1744 687 1799 expugnatur
726 1742 785 1784 ab
822 1741 1022 1786 Hercule

281 1807 321 1856 5,
342 1806 394 1844 11
439 1801 527 1844 Ilia
550 1802 690 1857 porta
714 1801 880 1844 Troiae
907 1806 947 1856 6,
970 1806 1022 1844 14

215 1859 380 1904 'inferis
413 1860 701 1903 sacrificatur
732 1864 810 1914 51,
837 1864 863 1902 5

220 1919 446 1976 lphinous
486 1918 544 1962 ab
577 1918 776 1962 Hectore
808 1918 1019 1962 vulnera-

279 1979 357 2020 tur
387 1982 464 2031 29,
491 1982 544 2020 21

217 2037 383 2080 Ithaca
418 2042 493 2090 18,
521 2041 544 2080 7

220 2095 411 2139 Iunonis
443 2094 543 2138 dies
575 2094 722 2138 festus
757 2099 831 2149 12,
861 2099 881 2137 1

217 2154 399 2210 ‘Iupiter
418 2167 548 2198 aram
565 2155 613 2196 et
629 2155 837 2197 statuam
855 2153 1021 2196 Troiae

280 2213 487 2257 habebat
519 2218 566 2267 6,
596 2217 648 2254 12
698 2225 780 2255 ara
802 2212 924 2255 lovis
950 2217 1021 2267 49,

221 2331 434 2387 Lampon
470 2329 686 2386 princeps
715 2328 1022 2373 Troianorum

281 2394 332 2444 8,
357 2394 382 2432 5

220 2447 491 2491 Laomedon
543 2461 625 2491 rex
680 2446 845 2490 'Proiae
893 2445 1024 2491 iubet

283 2505 482 2550 Graecos
499 2506 669 2550 finibus
689 2505 783 2549 suis
801 2505 1021 2549 excedere

282 2570 322 2619 3,
348 2570 405 2608 20
438 2566 497 2608 ab
516 2564 719 2608 Hercule
743 2563 1024 2607 interficitur

284 2628 332 2677 5,
361 2629 414 2667 15

221 2682 388 2726 'Larisa
419 2687 496 2737 22,
526 2687 579 2726 18

221 2740 454 2785 Leonteus
479 2754 534 2784 ex
551 2740 721 2797 Argisa
743 2739 1022 2784 Graecorum

283 2800 375 2842 dux
402 2805 471 2854 18,
493 2805 546 2843 16
594 2800 654 2843 ab
679 2798 879 2843 Hectore
903 2798 1020 2842 occi-

282 2856 410 2900 ditur
446 2863 524 2913 29,
551 2863 605 2901 22

219 2914 379 2959 Lesbii
435 2917 736 2971 quaesierunt
783 2915 1020 2960 Castorem

600 149 795 194 INDEX
826 147 1122 193 NOMINUM
1152 148 1233 193 ET
1263 147 1496 193 RERUM.

1131 269 1179 312 et
1201 267 1439 311 Pollucem
1474 272 1550 324 14,
1575 273 1601 312 6
1649 266 1869 313 Lesbium

1128 326 1241 370 litus
1276 331 1354 382 14,
1379 331 1405 369 3

1070 385 1207 429 Locri
1241 391 1317 441 18,
1341 391 1371 429 4

1070 443 1171 487 ludi
1193 443 1410 489 funebres
1439 449 1509 499 25,
1531 449 1584 488 10
1609 449 1680 499 31,
1699 449 1724 488 2
1749 447 1822 500 42,
1840 448 1866 488 2

1070 502 1261 559 Lycaon
1293 503 1352 548 ab
1379 503 1563 547 Achille
1594 502 1869 548 interficitur

1070 620 1216 677 Lycia
1246 626 1325 677 22,
1353 626 1405 665 17

1070 679 1355 736 Lycomedes
1410 693 1524 725 avus
1571 679 1869 736 Neoptolemi

1129 744 1208 795 42,
1235 745 1287 783 11
1917 791 1928 795 ,

1069 797 1301 842 Machaon
1338 796 1609 855 Aesculapii
1650 796 1773 840 filius
1811 810 1870 842 ex

1129 856 1295 901 Tricca
1338 857 1618 901 Graecorum
1660 855 1753 900 dux
1799 860 1868 912 18,

1132 922 1185 959 10
1234 915 1511 960 describitur
1545 920 1620 971 17,
1644 920 1672 957 4

1068 974 1285 1018 Maeonia
1315 979 1394 1030 23,
1420 980 1445 1018 2

1069 1033 1312 1090 Magnesia
1343 1039 1389 1089 6,
1415 1039 1471 1077 23
1506 1038 1583 1089 19,
1606 1037 1635 1076 4

1069 1091 1272 1136 Melibea
1306 1097 1383 1147 19,
1409 1097 1434 1135 3

1068 1150 1287 1195 Memnon
1326 1164 1382 1194 ex
1420 1149 1674 1207 Aethiopia
1710 1149 1870 1194 Troia-

1128 1223 1292 1253 norum
1327 1209 1420 1253 dux
1452 1214 1531 1265 23,
1556 1214 1582 1253 3
1635 1207 1869 1253 Achillem

1128 1268 1346 1313 vulnerat
1377 1269 1424 1312 et
1456 1268 1515 1312 ab
1548 1281 1602 1312 eo
1641 1267 1882 1312 occiditur*

1130 1332 1210 1383 40,
1239 1333 1260 1370 1

1066 1385 1306 1430 Menelaus
1331 1400 1387 1431 ex
1412 1385 1584 1443 Sparta
1609 1390 1677 1441 17,
1698 1390 1750 1430 13
1792 1384 1869 1429 de-

1127 1444 1345 1489 scribitur
1379 1451 1455 1500 16,
1480 1450 1505 1489 8
1561 1444 1622 1488 M.
1664 1445 1712 1488 et
1748 1443 1869 1488 Aiax

1125 1503 1867 1560 Alexandrumpersequutur26,

1127 1569 1153 1607 9
1204 1563 1265 1607 ad
1318 1562 1627 1618 Lycomedem
1675 1562 1868 1618 Scyrum

1125 1622 1330 1666 mittitur
1360 1627 1438 1678 42,
1466 1627 1518 1666 11

1066 1680 1363 1726 Menestheus
1406 1695 1460 1726 ex
1496 1679 1694 1724 Athenis
1726 1677 1866 1722 Grae·
1948 1683 1951 1685 ’

1129 1755 1288 1785 corum
1316 1741 1409 1784 dux
1446 1746 1520 1795 19,
1547 1746 1572 1784 6
1620 1739 1868 1783 Hectorem

1127 1800 1346 1843 vulnerat
1382 1805 1460 1855 24,
1486 1803 1541 1843 22

1068 1858 1324 1902 Mercurius
1370 1859 1594 1902 Iunonem
1638 1855 1868 1900 Venerem

1127 1917 1385 1961 Minervam
1399 1915 1591 1960 adducit
1599 1914 1658 1959 ad
1667 1914 1865 1959 Alexan-

1053 2005 1060 2009 ·
1127 1976 1283 2031 drum,
1320 1977 1375 2019 ut
1405 1975 1462 2019 de
1502 1974 1653 2031 specie
1692 1971 1867 2016 iudicet
1914 1992 1917 1998 Δ

1128 2039 1177 2089 9,
1203 2040 1228 2079 6

1068 2093 1297 2138 Meriones
1329 2091 1562 2137 Cretensis
1588 2091 1867 2136 Graecorum

1128 2153 1221 2196 dux
1249 2157 1324 2205 18,
1350 2157 1376 2196 6
1424 2150 1702 2195 describitur
1735 2154 1788 2194 17
1802 2185 1813 2205 ,
1839 2156 1866 2194 5

1126 2210 1335 2254 Patrocli
1381 2224 1546 2266 corpus
1591 2211 1751 2254 tuetur
1794 2213 1865 2264 24,

1128 2275 1185 2314 20
1225 2270 1285 2313 ab
1309 2269 1507 2313 Hectore
1535 2267 1764 2313 occiditur
1794 2272 1864 2324 24,

1067 2334 1290 2432 Me2slthles
1309 2400 1355 2431 ,e
1397 2385 1612 2430 Maeonia
1644 2384 1868 2429 Troiano-

1127 2461 1230 2489 rum
1269 2445 1362 2488 dux
1397 2450 1476 2501 23,
1503 2449 1528 2488 2
1585 2457 1614 2488 a
1642 2442 1866 2487 Diomede
1952 2451 1956 2453 “

1128 2504 1358 2548 occiditur
1389 2509 1466 2558 26,
1493 2508 1549 2546 22

1067 2563 1279 2607 Minerva
1312 2567 1358 2618 9,
1386 2567 1410 2606 7
1463 2561 1599 2606 aedes
1628 2560 1866 2605 Minervae

1129 2627 1205 2676 50,
1235 2627 1255 2664 1
1795 2664 1797 2666 .

1070 2680 1259 2737 Mopsus
1306 2693 1331 2723 e
1376 2678 1665 2735 Colophonia
1706 2677 1866 2722 Troia-

1127 2752 1292 2782 norum
1324 2738 1417 2782 dux
1449 2743 1527 2793 22,
1555 2742 1609 2781 16

1067 2798 1290 2854 Mycenae
1329 2810 1525 2853 regnum
1554 2797 1869 2853 Agamemno·-

1126 2856 1198 2900 nis
1234 2861 1308 2911 17,
1338 2860 1391 2898 12
1425 2859 1504 2910 31,
1531 2859 1583 2898 11

1066 2914 1380 2971 Myrmidones
1414 2918 1489 2968 18,
1518 2918 1571 2956 12
1604 2917 1679 2968 33,
1706 2916 1732 2955 9
