1956 3178
289 103 391 156 108
795 102 1015 145 morrs
1046 102 1381 145 ORETENSIS

285 233 383 283 nat
419 229 798 297 adscenditque
836 228 966 296 ipse.
1030 226 1153 279 dein
1191 227 1413 280 saevitia
1436 227 1629 280 hiemis
1664 228 1897 282 multum

286 317 432 352 mare
468 300 726 368 fatigatus
762 298 1119 366 adpulsusque
1156 298 1223 350 ad
1257 296 1545 366 Sepiadum
1580 297 1724 366 litus,
1751 298 1899 367 quod

285 374 506 450 propter
544 387 793 422 saxorum
819 368 1190 421 difficultatem
1216 386 1416 420 nomen
1454 368 1714 448 eiusmodi
1738 387 1897 437 quae-

286 441 497 508 siverat,
537 458 721 492 omnes
768 439 879 492 fere
916 456 1080 492 naves
1111 439 1311 491 amittit
1357 439 1446 491 vix
1482 438 1596 507 ipse
1635 456 1756 492 811111
1791 438 1896 508 1118,

242 531 263 563 5
287 511 380 579 qui
418 511 476 562 in
513 510 698 562 eodem
734 510 954 579 navigio
991 509 1220 578 fuerant,
1258 509 1527 562 liberatus
1620 509 1698 561 ibi
1733 509 1899 562 Pelea

287 599 447 633 avum
482 581 720 648 repperit
757 581 1081 633 occultatum
1129 580 1383 648 spelunca
1429 579 1610 632 abdita
1657 581 1711 632 81
1746 582 1893 632 tene-

285 651 468 719 brosa,
506 651 599 703 ubi
647 669 808 703 senex
845 651 955 702 vim
992 654 1151 718 atque
1198 650 1419 702 insidias
1455 650 1641 702 Acasti
1687 650 1897 703 evitans

286 722 492 774 assidue
529 722 742 790 nepotis
794 720 1053 774 desiderio
1102 721 1418 790 navigantes
1469 723 1523 773 et
1570 720 1615 772 si
1650 719 1791 772 forte
1830 737 1895 774 eo

287 792 496 860 adpulsi
535 795 714 844 essent
751 792 1013 859 speculari
1052 794 1349 843 consuerat.
1413 791 1536 842 dein
1573 790 1666 843 ubi
1703 793 1899 843 cuncta

222 883 264 914 10
287 861 476 914 domus
514 861 959 930 fortunarumque
998 861 1214 914 edoctus
1252 864 1348 929 est,
1388 861 1672 914 consilium
1708 877 1778 930 ag
1844 878 1895 913 e-

287 932 469 984 diendi
494 933 676 985 hostes
713 933 850 985 inire
877 933 1099 1000 occipit:
1139 950 1259 983 cum
1283 931 1423 984 forte
1453 930 1731 1001 cognoscit
1818 931 1828 940 ⁰

285 1003 472 1054 Acasti
498 1002 868 1070 Menalippum
908 1006 960 1054 81
984 1002 1316 1054 Plisthenem
1342 1005 1595 1054 venatum
1621 1001 1895 1070 profectos

286 1072 561 1136 devenisse
605 1073 671 1125 ad
710 1091 772 1124 ea
805 1073 937 1125 loca.
1010 1072 1199 1140 Itaque
1245 1075 1451 1124 mutata
1486 1075 1631 1124 veste
1672 1075 1896 1124 Iolcium

286 1143 543 1195 simulans
589 1143 873 1195 iuvenibus
921 1143 1075 1195 offert
1111 1160 1224 1194 sese
1278 1142 1496 1210 eiusque
1535 1142 1774 1210 cupitum
1812 1142 1895 1194 sui

221 1233 262 1264 15
285 1213 564 1265 interitum
602 1214 781 1266 refert.
857 1213 925 1265 ob
963 1231 1099 1281 quae
1136 1213 1348 1264 iunctus
1393 1212 1479 1264 his
1527 1212 1585 1264 in
1631 1213 1895 1280 venandO,

284 1284 377 1335 ubi
415 1301 652 1336 seorsum
701 1285 767 1336 ab
806 1283 994 1336 ceteris
1032 1282 1403 1351 Menalippum
1446 1282 1616 1351 videt,
1666 1300 1896 1362 eumque

286 1357 339 1405 et
373 1354 536 1422 paulo
584 1357 709 1422 post
753 1353 975 1406 fratrem
1024 1354 1135 1405 eius
1193 1354 1464 1405 insecutus
1513 1353 1789 1405 interficit:
1835 1354 1896 1404 in

285 1442 514 1491 quorum
561 1424 968 1492 inquisitionem
1016 1442 1199 1476 servus
1246 1423 1462 1491 quidam
1521 1422 1744 1502 Cinyras
1798 1440 1894 1502 no-

284 1494 429 1546 mine
488 1512 747 1562 perquam
804 1493 940 1546 fidus
997 1495 1270 1562 profectus
1325 1493 1382 1545 in
1437 1511 1626 1545 manus
1685 1492 1896 1545 iuvenis

220 1585 262 1616 20
285 1564 502 1616 devenit
545 1564 1079 1635 {comprehensusque
1125 1565 1383 1616 Acastum
1439 1563 1622 1616 adfore
1678 1563 1899 1617 nuntiat

283 1638 442 1702 8111118
480 1635 557 1687 118
593 1634 868 1687 08811111111.

426 1704 520 1756 ΙΧ.
593 1705 781 1773 Itaque
818 1704 1207 1772 Neoptolemus
1242 1706 1448 1756 mutata
1473 1703 1712 1772 Phrygia
1746 1705 1895 1756 veste

282 1778 557 1843 tamquam
611 1724 753 1827 filiqus
800 1775 1002 1827 Priami
1047 1774 1275 1842 Mestor,
1334 1774 1426 1842 qui
1483 1774 1723 1842 captivus
1772 1790 1895 1826 cum

284 1845 493 1914 Pyrrho
533 1845 599 1925 ad
638 1864 699 1897 ea
735 1845 854 1898 loca
890 1845 1256 1914 navigaverat,
1285 1846 1483 1896 Acasto
1521 1844 1710 1896 obvius
1743 1843 1895 1896 venit

219 1935 261 1968 25
288 1915 458 1984 eique,
487 1915 708 1983 quinam
733 1919 887 1984 esset,
926 1915 1127 1967 indicat
1165 1918 1217 1967 81
1240 1913 1657 1982 Neoptolemum
1693 1914 1751 1965 in
1777 1931 1894 1982 spe-

283 1985 444 2038 lunca
478 1985 764 2056 fatigatum
800 1986 1018 2066 navigio
1057 2002 1351 2053 somnoque
1388 1984 1574 2036 iacere.
1649 1984 1718 2036 ob
1757 2001 1896 2052 quae

283 2056 474 2135 anxius
512 2056 740 2109 Acastus
789 2057 1088 2124 opprimere
1137 2074 1298 2124 quam
1344 2054 1768 2106 inimicissimum
1806 2071 1894 2106 cu-

283 2125 437 2193 piens
486 2125 553 2177 ad
600 2127 910 2194 speluncam
956 2125 1133 2206 pergit
1179 2128 1339 2205 atque
1395 2125 1453 2176 in
1499 2124 1617 2192 ipso
1666 2123 1814 2176 aditu
1859 2141 1897 2176 a

283 2194 524 2264 Thetide,
564 2214 699 2264 quae
737 2196 803 2248 ad
852 2215 914 2248 ea
949 2196 1069 2249 loca
1105 2196 1421 2275 inquisitum
1458 2194 1619 2247 Pelea
1655 2203 1892 2262 venerat,

220 2285 263 2318 30
285 2283 342 2318 re
381 2267 600 2336 cognita
635 2267 959 2346 reprimitur.
1023 2267 1146 2318 dein
1183 2266 1403 2333 cunctiS,
1442 2283 1576 2333 111188
1611 2235 1895 2317 811181811111

285 2336 503 2388 domum
548 2336 776 2389 Achillis
832 2337 1015 2404 inique
1066 2340 1119 2388 et
1177 2336 1455 2388 adversum
1502 2335 1583 2387 fas
1639 2337 1891 2404 gesserat,

286 2407 611 2459 enumeratis
656 2407 1049 2475 increpatisque
1111 2407 1176 2458 ad
1221 2409 1550 2474 postremum
1597 2405 1890 2456 intercessu

285 2495 380 2529 suo
418 2477 667 2530 manibus
702 2477 911 2530 iuvenis
948 2477 1164 2529 liberat:
1209 2476 1532 2544 persuadens
1577 2475 1789 2543 nepoti,
1829 2475 1895 2526 ut

283 2564 353 2599 ne
392 2548 652 2617 sanguine
689 2547 914 2600 ulterius
960 2547 1145 2599 ulcisci
1183 2549 1399 2614 cuperet
1446 2563 1521 2613 ea,
1569 2562 1703 2613 quae
1743 2547 1892 2617 ante·
1942 2606 1945 2607 ⁷

397 2774 421 2812 2
453 2774 569 2813 mari
605 2775 687 2813 VP
798 2775 823 2815 8
855 2774 893 2813 si
924 2773 1002 2827 qui
1022 2773 1064 2812 P
1168 2773 1219 2813 13
1240 2772 1410 2812 locrum
1434 2771 1469 2812 G
1505 2770 1670 2811 loeium
1693 2770 1735 2810 B
1780 2769 1888 2810 loci·

283 2840 385 2868 cum
406 2829 463 2871 A.
490 2828 720 2871 Obrechtus
750 2832 927 2871 coniecit
955 2829 1146 2870 Iolcium
1259 2828 1314 2868 25
1343 2827 1517 2867 indicat
1546 2841 1622 2869 om.
1648 2827 1683 2868 G
1701 2826 1825 2866 habet
1841 2823 1894 2868 B

283 2884 338 2924 32
368 2884 717 2938 increpitasque
752 2886 802 2938 G,
833 2899 945 2926 corr.
978 2885 1018 2925 B
1452 2910 1455 2913 ν
