1956 3178
1699 8 1701 10 ·
1775 0 1956 95 »επ-ἥ

276 114 346 166 30
791 114 1011 157 DIcTYs
1045 110 1379 155 CRETENs1s

279 258 342 292 ex
381 241 500 309 quis
539 241 655 292 auri
694 243 853 308 atque
891 239 1101 310 argenti
1140 241 1399 307 quantum
1437 238 1565 290 satis
1610 238 1890 294 videbatur

275 311 673 390 Agamemnoni
710 311 824 379 regi
863 310 1018 363 datur
1053 327 1114 362 ac
1152 309 1340 361 deinde
1379 309 1531 360 Aiaci
1569 310 1636 362 ob
1675 311 1891 380 egregia

275 382 519 434 laborum
558 382 671 433 eius
707 381 950 433 facinora
987 380 1308 432 Teuthranti
1352 379 1517 431 filiam
1554 378 1888 432 Tecmessam

272 451 590 504 concedunt.
668 452 744 503 ita
781 451 964 503 divisis
1002 451 1060 502 in
1097 450 1339 520 singulos
1388 468 1522 519 quae
1560 453 1886 519 supererant,

231 539 251 571 5
275 522 607 574 frumentum
645 540 740 589 per
777 522 1069 574 exercitum
1106 521 1440 588 dispertiunt.

413 591 532 644 XX.
619 591 718 643 His
766 592 898 645 actis
945 591 1103 644 fidem
1149 591 1316 659 pacti,
1374 591 1517 659 quod
1563 609 1683 643 cum
1729 591 1887 660 Poly-

272 666 502 715 mestore
539 663 926 731 intercesserat,
953 662 1316 730 traditumque
1347 660 1673 730 Polydorum
1702 665 1883 715 refert.

273 734 341 785 ob
382 751 516 801 quae
555 734 759 785 cunctis
798 733 1114 800 decernitur,
1155 735 1215 784 ut
1243 731 1428 784 Ulixes
1468 750 1588 784 cum
1625 731 1886 786 Diomede

271 803 500 872 profecti
538 803 604 855 ad
641 803 916 855 Priamum
941 774 1205 855 Heleriam
1243 820 1363 854 cum
1401 803 1635 870 abreptis
1671 821 1888 871 recupe-

210 891 250 922 10
272 877 481 942 rarent,
521 877 679 942 atque
719 874 795 926 ita
830 873 1158 942 Polydorum
1206 874 1321 942 regi
1356 873 1645 925 traderent.
1719 874 1887 943 igitur

270 945 355 996 his
391 915 738 1013 pergentibus
776 943 1078 1012 MenelauS,
1127 944 1184 995 in
1233 944 1381 996 cuius
1430 944 1657 1013 gratiam
1705 943 1760 996 id
1796 962 1886 996 ne-

271 1015 480 1084 gotium
528 1016 835 1084 gerebatur,
883 1015 1168 1095 legationis
1226 1014 1461 1066 officium
1517 1014 1630 1066 eius
1685 1015 1886 1083 pariter

272 1102 392 1136 cum
430 1084 746 1153 supradictis
784 1085 941 1153 capit.
1026 1085 1207 1152 itaque
1253 1084 1510 1136 habentes
1556 1084 1885 1154 Polydorum

272 1155 339 1207 ad
377 1155 638 1207 Troianos
674 1156 914 1207 veniunt.
990 1155 1082 1207 sed
1130 1155 1221 1206 ubi
1260 1154 1679 1207 animadvertere
1716 1173 1885 1224 popu—

208 1241 248 1273 15
270 1225 407 1277 lares
464 1226 661 1278 electos
714 1243 774 1277 ac
828 1227 1011 1295 magni
1065 1225 1300 1277 nominis
1357 1226 1500 1277 viros
1555 1224 1892 1295 adventasse,

269 1313 496 1364 propere
535 1314 687 1348 senes
726 1314 934 1364 omnes,
984 1313 1210 1364 quorum
1257 1295 1541 1347 consilium
1578 1295 1765 1348 haberi
1802 1314 1884 1349 so-

269 1366 426 1418 litum
474 1370 611 1434 erat,
665 1367 723 1418 in
769 1385 936 1418 unum
983 1366 1185 1418 ducunt
1230 1365 1441 1418 Priamo
1490 1384 1521 1418 a
1567 1365 1691 1419 filiis
1739 1365 1882 1419 domi

270 1439 499 1489 retento.
604 1437 769 1506 igitur
840 1437 1059 1505 reliquis
1127 1436 1496 1504 praesentibus
1557 1436 1883 1489 Graecorum

270 1506 545 1559 Menelaus
570 1507 733 1559 verba
757 1507 911 1559 facit:
951 1507 1182 1559 secundo
1209 1507 1315 1558 iam
1342 1524 1397 1558 se
1423 1507 1489 1558 ob
1517 1506 1738 1559 eandem
1764 1525 1883 1560 cau·

206 1593 247 1625 20
270 1595 382 1629 sam
407 1578 631 1629 venisse.
695 1595 815 1630 011111
850 1577 1019 1630 multa
1044 1577 1149 1629 alia
1174 1577 1452 1629 adversum
1478 1595 1533 1628 se
1559 1577 1881 1646 domumque

271 1666 421 1700 suam
459 1648 704 1715 admissa,
743 1651 860 1699 tum
885 1665 1081 1727 magno
1121 1665 1239 1699 cum
1267 1647 1470 1727 gemitu
1507 1647 1648 1699 filiae
1687 1647 1882 1700 orbita-

269 1721 379 1769 tem
404 1735 499 1785 per
525 1718 822 1770 absentiam
849 1718 1095 1787 coniugis
1115 1718 1396 1785 conqueri:
1436 1735 1571 1786 quae
1597 1721 1790 1771 cuncta
1813 1719 1880 1771 ab

269 1788 441 1840 amico
480 1787 750 1856 quondam
798 1791 851 1839 et
896 1788 1107 1856 hospite
1154 1805 1267 1839 non
1305 1788 1593 1839 secundum
1630 1788 1880 1840 meritum

269 1876 424 1910 suum
452 1858 705 1910 evenisse.
769 1876 879 1910 eam
918 1859 1152 1910 seniores
1189 1858 1620 1910 lamentationem
1657 1858 1880 1911 inmodi-

204 1942 245 1975 25
270 1946 378 1980 cam
415 1946 531 1980 cum
567 1928 800 1980 lacrimis
837 1929 1155 1997 accipientes
1194 1928 1258 1979 ad
1296 1928 1491 1996 omnia,
1538 1946 1672 1996 quae
1711 1929 1778 1981 ab
1814 1946 1878 1982 eo

269 1998 597 2067 dicebantur,
634 1999 946 2067 tamquam
931 1999 1157 2051 iniuriae
1183 1998 1295 2050 eius
1318 1999 1603 2066 participes
1629 1999 1878 2052 adnuere.

409 2068 555 2120 XXI.
639 2068 770 2121 Post
815 2087 972 2137 quem
1027 2067 1212 2121 Ulixes
1259 2068 1463 2120 medius
1510 2068 1725 2121 adstans
1781 2070 1878 2122 hu-

268 2138 559 2190 iuscemodi
598 2139 894 2190 orationem
920 2140 1135 2191 habuit:
1173 2139 1365 2207 „oredo
1393 2155 1492 2208 ego
1519 2156 1630 2207 VOS,
1657 2138 1879 2192 Troiani

268 2208 553 2277 principeS‚
580 2208 708 2260 satis
735 2212 1075 2289 compertum
1087 2209 1299 2277 habere,
1326 2209 1464 2261 nihil
1488 2212 1686 2262 temere
1715 2209 1877 2262 Grae—

205 2292 246 2326 30
272 2296 378 2346 cOS,
416 2278 554 2330 nihil
579 2279 986 2331 inconsultum
970 2280 1205 2347 mcipere
1232 2251 1416 2347 solere,
1465 2298 1526 2332 00
1562 2297 1770 2347 semper
1792 2279 1877 2331 his

269 2350 375 2401 iam
421 2351 538 2401 tum
587 2367 618 2401 a
653 2349 945 2401 maioribus
1001 2351 1275 2417 provisum
1323 2353 1482 2418 atque
1527 2350 1876 2418 elaboratuim

383 2507 404 2544 1
437 2505 715 2546 uidebantur
737 2505 772 2546 G
858 2508 883 2546 3
914 2505 1174 2546 theutranti
1197 2505 1232 2545 G
1271 2506 1527 2547 teemissam
1553 2504 1644 2546 GB.
1721 2507 1748 2545 4
1766 2506 1875 2555 sort.
1912 2501 1926 2509 ”

267 2561 390 2600 inter
421 2561 626 2613 singulos
661 2562 927 2602 scribendum
964 2568 1029 2601 est
1144 2563 1193 2601 11
1232 2562 1386 2614 gratia
1416 2560 1495 2601 GB
1553 2563 1748 2613 gratiam
1787 2562 1879 2602 PV
1907 2583 1910 2586 ·

270 2618 322 2657 17
355 2617 636 2670 conducunt,
670 2619 786 2671 quod
811 2619 938 2659 voluit
973 2617 1259 2669 Wopkensius
1289 2617 1375 2656 PV
1404 2617 1462 2657 cf.
1490 2629 1529 2659 e.
1559 2619 1584 2656 2
1625 2620 1672 2657 et
1712 2619 1784 2666 19,
1823 2617 1872 2657 in

267 2685 406 2713 unum
439 2677 606 2714 coeunt
643 2687 678 2715 c.
713 2675 769 2716 30
883 2675 935 2714 18
965 2673 1260 2726 presentibus
1292 2673 1327 2713 G
1441 2674 1497 2713 24
1534 2685 1589 2714 ea
1626 2685 1662 2713 s.
1702 2672 1874 2714 lamen-

267 2729 444 2770 tatione
476 2729 702 2770 inmodica
736 2729 835 2781 GB,
868 2742 982 2772 corr.
1020 2730 1064 2770 in
1093 2731 1159 2771 ed.
1192 2729 1311 2769 Crat.
1435 2730 1490 2768 26
1521 2729 1752 2769 aduenere
1792 2726 1873 2770 GB

267 2786 320 2825 27
353 2798 487 2838 quam
511 2785 589 2826 GB
702 2788 758 2827 30
786 2785 1060 2837 inconsulte,
1093 2786 1208 2838 quod
1235 2790 1465 2838 optauerat
1494 2784 1791 2837 Wopkenst'm,
1818 2784 1871 2825 V*

268 2840 350 2882 sed
379 2842 436 2892 cf.
463 2841 518 2893 V,
549 2844 575 2881 6
606 2854 661 2882 00
691 2854 811 2894 quae
833 2845 974 2883 antea
1004 2845 1138 2894 gesta
1161 2845 1312 2882 essent
1341 2845 1510 2882 temere
1541 2844 1587 2882 et
1611 2838 1876 2882 inconsulta

266 2899 318 2938 31
350 2896 612 2938 laboratum
642 2911 725 2940 non
754 2901 860 2939 male
881 2899 980 2939 PV.

1948 146 1956 190 ἱ.
