1956 3178
252 93 321 146 38
761 92 982 135 DICTYS
1015 92 1352 135 CRETENSIS
1421 121 1426 123 Δ

392 216 592 270 ΧΧΧΙ.
656 216 807 269 Τ11110
833 217 1210 286 Agamemnon
1237 218 1542 271 coniectans
1568 219 1711 287 quod
1735 236 1861 272 mox

249 289 457 357 accidit,
498 287 722 341 consilio
748 287 941 340 tacitus
968 296 1209 357 egressus
1246 291 1483 356 cunctOS,
1511 307 1644 357 quos
1682 306 1861 342 secum

246 359 535 426 habuerat,
574 358 631 410 in
670 357 830 411 armis
869 376 981 411 esse
1019 359 1181 411 iubet.
1254 358 1310 411 id
1346 359 1439 411 ubi
1476 358 1714 412 Achilles
1751 360 1864 412 ani-

245 429 557 497 madvertit,
625 431 922 481 commotus
985 429 1063 481 rei
1110 428 1482 498 indignatione
1547 429 1705 491 simul
1745 447 1864 499 per-

201 514 224 548 5
245 500 385 552 nicie
434 499 624 551 defessi
673 499 934 552 exercitus
971 499 1160 552 anxius
1215 500 1590 559 defunctorum
1638 518 1864 568 corpora

244 569 607 622 miserandum
655 570 714 621 in
761 570 975 622 modum
1023 569 1268 623 confecta
1314 571 1550 640 undique
1597 571 1656 623 in
1691 589 1861 624 unum

245 640 429 721 colligi
476 640 625 692 iubet
670 643 830 709 atque
877 641 935 692 in
982 645 1250 694 conventu
1306 644 1431 694 ante
1480 659 1574 694 ora
1621 641 1862 694 omnium

243 711 429 779 proici.
504 729 611 779 quo
650 711 951 779 spectaculo
992 711 1122 764 adeo
1162 712 1416 765 commoti
1463 729 1615 782 reges
1653 715 1860 793 gentes-

247 799 350 850 que
390 799 591 850 omnes,
630 782 710 833 uti
745 782 1025 835 adversum
1051 783 1512 852 Agamemnonem
1551 783 1617 835 ab
1656 783 1862 845 cunctis

183 866 225 898 10
246 855 560 922 pergeretur
607 851 738 904 duce
787 855 947 921 atque
985 855 1203 905 auctore
1240 852 1451 906 Achille
1490 856 1544 905 et
1581 853 1633 906 31
1662 856 1863 921 persta-

250 926 334 974 ret
394 921 650 974 suadente
706 923 868 975 exitio
915 922 1310 976 vindicandum.
1406 941 1542 992 quae
1598 923 1691 976 ubi
1746 924 1863 1004 regi

245 993 519 1061 nuntiata,
567 993 862 1061 pertinacia
910 993 1076 1045 animi
1123 1012 1192 1046 an
1230 995 1298 1047 ob
1347 1012 1582 1046 amorem
1620 994 1861 1062 captivae

246 1065 440 1115 cuncta
478 1066 714 1115 extrema
751 1066 897 1115 ratus
937 1064 1166 1132 experiri
1202 1063 1342 1116 nihil
1378 1064 1758 1117 remittendum
1797 1064 1862 1117 (10

245 1133 512 1185 sententia
548 1133 923 1186 destinaverat

181 1217 223 1251 15
387 1203 611 1256 XXXII.
673 1203 756 1255 Ea
789 1207 1076 1272 postquam
1103 1204 1322 1256 Troiani
1346 1220 1663 1275 cognovere,
1703 1193 1862 1266 simul

244 1291 309 1325 ex
357 1274 523 1326 muris
571 1274 1048 1343 conflagrationem
1101 1293 1389 1343 corporum
1443 1275 1708 1327 assiduam
1754 1292 1862 1328 cre-

243 1344 472 1412 brasque
509 1344 809 1412 sepulturas
848 1344 1270 1397 animadvertere
1296 1345 1545 1413 doctique
1583 1345 1750 1398 etiam
1783 1362 1863 1397 re-

243 1413 420 1481 liquos
458 1414 797 1467 incommodo
837 1414 1002 1467 cladis
1040 1415 1153 1467 eius
1204 1415 1404 1468 debiles
1441 1432 1626 1485 agere,
1676 1415 1862 1477 cohor-

242 1484 346 1536 tati
396 1485 538 1537 inter
585 1503 639 1537 se
689 1503 836 1537 arma
883 1485 1103 1553 capiunt
1149 1503 1210 1538 ac
1255 1503 1482 1554 propere
1530 1503 1652 1538 cum
1698 1503 1861 1538 manu

180 1570 222 1603 20
246 1554 493 1607 auxiliari
541 1555 693 1607 effusi
739 1555 910 1623 portis
957 1558 1191 1624 pergunt
1246 1556 1543 1608 advorsum.
1628 1573 1688 1608 ac
1738 1555 1863 1618 dein

243 1643 340 1693 per
378 1643 593 1693 campos
633 1626 867 1678 exercitu
904 1626 1159 1693 bipertito
1197 1626 1446 1678 Troianis
1483 1615 1700 1694 Hector,
1740 1614 1860 1679 Sar-

243 1695 422 1763 pedon
478 1695 823 1748 auxiliaribus
880 1697 1038 1748 duces
1091 1695 1236 1748 facti.
1330 1699 1445 1749 tum
1500 1696 1673 1748 nostri
1727 1696 1856 1750 visis

245 1768 434 1818 contra
469 1765 714 1818 hostibus
753 1766 943 1818 armati
991 1769 1151 1834 atque
1198 1766 1446 1819 instructi
1491 1783 1590 1834 pro
1639 1767 1858 1836 negotio

249 1836 478 1904 simplici
515 1836 691 1888 forma
728 1837 895 1889 3010111
933 1854 1277 1904 composuere
1315 1837 1455 1889 circa-
1490 1854 1693 1888 cornua
1729 1837 1860 1898 divi-

186 1922 227 1955 25
251 1906 322 1958 sis
361 1905 608 1958 ducibus:
648 1906 892 1959 dextrum
928 1906 1167 1959 Achilles
1206 1924 1327 1958 cum
1365 1906 1683 1975 AntilochO,
1731 1907 1857 1969 alte·

248 1995 368 2028 rum
404 1977 543 2028 Aiax
580 1975 922 2030 Telamonius
961 1995 1081 2030 cum
1117 1976 1376 2029 Diomede
1426 1977 1709 2045 curabant,
1753 1994 1861 2038 me-

249 2046 363 2098 dios
390 2064 636 2115 accepere
662 2047 802 2099 Aiax
827 2048 962 2100 alter
995 2051 1154 2115 atque
1179 2047 1495 2109 Idomeneus
1521 2046 1627 2099 dux
1659 2018 1859 2100 nbster.

249 2117 354 2169 hoc
390 2116 549 2169 modo
590 2118 825 2169 exercitu
863 2118 1132 2185 utrimque
1169 2118 1465 2186 composito
1494 2120 1729 2187 pergunt
1767 2118 1859 2171 ob-

250 2187 407 2238 viam.
483 2190 539 2239 at
574 2187 667 2238 ubi
703 2188 761 2239 in
799 2206 986 2240 manus
1025 2191 1246 2240 ventum
1282 2191 1386 2256 est,
1433 2188 1698 2241 cohortati
1735 2203 1859 2249 suos

182 2286 224 2318 30
248 2257 472 2325 quisque
520 2258 631 2309 acie
679 2257 979 2310 conflixere.
1064 2261 1180 2310 tum
1225 2276 1351 2310 vero
1407 2259 1464 2310 in
1522 2258 1857 2327 aliquantum

245 2330 417 2379 tracto
476 2328 763 2380 certamine
817 2327 1035 2395 plurimi
1103 2328 1379 2396 utriusque
1441 2329 1608 2397 partis
1663 2327 1861 2380 cadunt

243 2398 690 2466 praecellentibus
729 2399 787 2449 in
825 2415 886 2449 ea
921 2415 1104 2467 pugna
1150 2398 1500 2452 barbarorum
1536 2398 1767 2450 Hectore
1807 2401 1859 2450 et

247 2467 569 2536 Sarpedone,
610 2468 932 2521 Graecorum
969 2467 1229 2520 Diomede
1269 2486 1388 2520 cum
1413 2467 1675 2520 MenelaO.
1734 2467 1858 2521 dein

245 2555 355 2590 nox
405 2539 702 2591 communis
750 2538 1027 2592 amborum
1073 2538 1281 2606 requies
1327 2538 1591 2607 proelium
1629 2538 1855 2591 diremit.

359 2709 383 2748 2
416 2721 502 2760 que
538 2708 596 2750 G¹
715 2712 740 2751 3
770 2710 997 2750 habuerat
1016 2732 1068 2739 -—
1089 2709 1416 2751 animaduertit
1450 2711 1485 2752 G
1515 2713 1557 2751 in
1587 2724 1718 2764 mary.
1829 2712 1856 2752 8

246 2763 411 2804 adeum
445 2764 480 2804 G
596 2766 647 2805 12
693 2766 944 2819 pertinatia
978 2766 1011 2806 G
1128 2767 1179 2807 13
1197 2770 1390 2819 paratus
1427 2768 1479 2818 V,
1521 2768 1635 2821 qnod
1661 2768 1854 2820 suspica-

246 2826 312 2861 tus
350 2825 415 2860 est
444 2821 569 2861 etiam
598 2822 849 2864 Perizonius
919 2852 931 2856 -
963 2823 1017 2863 25
1048 2822 1246 2863 antiloco
1279 2823 1358 2864 GB
1473 2825 1525 2864 31
1558 2822 1750 2876 plurimi*
1771 2835 1850 2867 om.

250 2875 343 2928 GB,
375 2876 528 2917 habent
556 2878 647 2917 PV
748 2881 801 2920 32
831 2878 1076 2920 barbarum
1101 2879 1135 2919 G
1168 2883 1202 2904 ¹⁰
1234 2881 1273 2918 1.
1306 2893 1356 2923 m.
1389 2891 1482 2932 sup.
1514 2891 1597 2921 scr.

1647 0 1649 2 ·
1675 0 1725 14 5⁴1».
1753 0 1916 20 ‘'⁴·*.‘J³-.*⁷

1948 126 1956 210 ἑ
