1956 3178
241 101 310 154 22
754 101 976 144 chYs
1009 100 1346 144 ORE'rENffls

242 246 344 296 que
398 227 694 280 necessaria
749 227 950 279 affatim
1011 227 1378 294 portabantur.
1473 229 1707 280 ceterum
1761 236 1855 280 r'ex

242 299 334 350 ubi
372 300 834 367 Agamemnonem
879 297 1205 366 fratremque
1244 297 1356 349 eius
1403 299 1584 350 abesse
1621 296 1854 350 animad—

243 369 418 437 vertit,
458 369 640 421 multis
666 368 912 437 precibus
938 366 1136 420 Ulixen
1174 367 1500 436 deprecatur,
1539 367 1620 420 uti
1657 367 1724 420 ad
1762 386 1853 422 eos

244 438 521 491 acciendos
558 443 819 508 pergeret.
892 438 950 490 hi
989 439 1168 508 itaque
1207 438 1272 490 ad
1298 438 1594 507 Telephum
1630 437 1857 492 veniunt

201 525 221 557 5
244 527 305 562 ac
342 528 489 562 more
528 509 676 579 regio
725 510 955 561 invicem
1002 509 1232 577 acceptis
1271 508 1512 577 datisque
1551 508 1706 561 donis
1744 507 1856 562 Ma-

243 579 504 632 chaonem
554 583 606 632 et
654 579 980 632 Podalirium
1028 580 1335 648 Aesculapii
1379 580 1518 631 filios
1567 579 1750 632 venire
1796 597 1857 632 ac

244 651 453 703 vulneri
499 650 698 702 mederi
745 651 955 718 iubent,
1014 650 1104 719 qui
1161 651 1401 719 inspecta
1459 668 1585 703 cura
1628 667 1855 719 propere

243 724 370 789 apta
408 721 581 774 dolori
618 721 973 774 medicamina
1009 721 1294 789 inponunt.

385 790 506 845 VH.
582 790 685 845 Sed
731 792 821 844 ubi
859 792 999 844 tritis
1037 792 1244 860 aliquot
1291 791 1474 844 diebus
1514 794 1724 860 tempus
1761 809 1855 844 na-

182 877 223 908 10
245 861 463 931 vigandi
512 863 769 916 remorari
816 880 876 914 ac
932 862 1106 915 ventis
1158 861 1559 915 adversantibus
1606 880 1752 915 mare
1799 862 1858 915 in

245 932 357 984 dies
418 932 588 1002 magis
651 933 927 1003 magisque
1002 933 1204 985 saevire
1267 933 1499 1001 occepit,
1561 932 1857 1001 Telephum

243 1002 444 1055 adeunt
498 1021 724 1071 eumque
781 1003 844 1056 de
902 1003 1301 1072 opportunitate
1357 1003 1613 1072 temporis
1669 1020 1857 1056 consu·

243 1073 389 1124 lunt:
429 1076 588 1141 atque
627 1074 692 1125 ab
732 1091 793 1126 eo
833 1074 975 1126 docti
1013 1074 1169 1126 initio
1209 1074 1347 1126 veris
1386 1092 1450 1126 ex
1487 1073 1571 1126 his
1619 1074 1751 1127 locis
1790 1073 1856 1127 ad

244 1143 461 1195 Troiam
498 1144 788 1213 navigandi
827 1147 1037 1212 tempus
1064 1162 1192 1212 esse,
1231 1144 1436 1213 reliqua
1461 1143 1694 1212 adversa,
1732 1162 1859 1198 cun·

183 1229 223 1260 15
246 1213 345 1266 ctis
407 1214 709 1267 volentibus
757 1213 1039 1267 Boeotiam
1094 1218 1436 1268 revertuntur
1502 1215 1682 1284 ibique
1739 1215 1858 1268 sub·

244 1283 415 1336 ductis
452 1285 677 1337 navibus
724 1286 923 1354 singuli
972 1286 1029 1337 in
1078 1303 1245 1355 regna
1283 1304 1377 1337 sua
1424 1285 1719 1338 hiematum
1756 1285 1857 1338 dis·

243 1354 455 1410 cedunt.
529 1355 745 1408 interim
791 1356 850 1407 in
894 1373 955 1408 eo
996 1356 1106 1409 otio
1150 1356 1264 1425 regi
1301 1356 1699 1426 Agamemnoni
1736 1374 1855 1409 cum

243 1423 491 1477 Menelao
538 1425 702 1478 fratre
751 1444 991 1479 exercere
1040 1426 1326 1479 discordias
1374 1444 1600 1479 vacuum
1646 1426 1751 1479 fuit
1788 1427 1856 1479 ob

244 1494 511 1563 proditam
558 1496 911 1565 Iphigeniam.
997 1497 1041 1548 is
1091 1515 1321 1566 namque
1373 1500 1558 1550 auctor
1601 1499 1654 1550 et
1690 1497 1859 1550 veluti

181 1581 223 1614 20
246 1583 405 1618 causa
442 1566 616 1619 luctus
654 1567 766 1619 eius
806 1568 1133 1620 credebatur.

385 1635 533 1689 VIII.
607 1636 712 1689 Per
760 1637 901 1689 idem
946 1641 1183 1706 tempuS‚
1233 1637 1324 1689 ubi
1374 1637 1437 1690 de
1485 1637 1857 1692 coniuratione

244 1706 523 1758 universae
586 1707 839 1759 Graeciae
902 1708 1042 1776 apud
1104 1708 1320 1760 Troiam
1381 1711 1697 1777 conpertum
1759 1711 1856 1776 est,

244 1776 549 1829 auctoribus
596 1778 775 1830 nuntii
834 1778 945 1830 eius
1003 1777 1204 1843 Scythis
1255 1778 1494 1831 barbaris
1504 1820 1518 1846 ‚
1579 1778 1671 1846 qui
1722 1795 1856 1832 mer-

246 1846 401 1898 candi
449 1847 623 1916 gratia
673 1865 770 1915 per
817 1866 1030 1901 omnem
1067 1848 1479 1917 Hellespontum
1529 1851 1856 1902 commutare

181 1931 223 1964 25
245 1934 328 1968 res
383 1934 503 1969 cum
559 1918 751 1970 accolis
807 1919 945 1971 sueti
1001 1919 1141 1971 ultro
1202 1919 1441 1987 citroque
1506 1919 1857 1988 vagabantur,

244 1989 416 2039 metus
454 1991 612 2056 atque
651 2007 861 2042 maeror
886 1989 1160 2041 universos
1198 1990 1454 2056 invasere,
1492 2006 1613 2041 cum
1639 1989 1854 2059 singuli,

246 2057 439 2124 quibus
478 2063 541 2109 ab
579 2059 735 2110 initio
764 2059 1056 2111 Alexandri
1093 2059 1301 2112 facinus
1328 2059 1684 2128 displicuerat,
1715 2059 1855 2112 male

245 2129 423 2179 actum
460 2127 740 2180 adversum
779 2129 1055 2182 Graeciam
1106 2133 1160 2182 et
1206 2130 1274 2182 ob
1321 2130 1375 2182 id
1412 2147 1703 2198 paucorum
1740 2147 1859 2198 pra-

245 2197 411 2249 vitate
471 2198 527 2249 in
583 2216 917 2251 communem
983 2200 1273 2268 perniciem
1327 2199 1737 2268 praecipitatum
1791 2199 1860 2252 iri

182 2283 225 2316 30
246 2269 584 2320 testarentur.
667 2269 809 2321 inter
857 2287 992 2337 quae
1043 2273 1156 2322 tam
1213 2269 1441 2322 sollicita
1488 2287 1686 2340 magna
1733 2287 1859 2322 cura

245 2337 463 2406 plurimi
511 2356 574 2390 ex
623 2340 770 2391 omni
818 2339 1003 2392 ordine
1061 2340 1215 2392 electi
1271 2339 1337 2392 ad
1383 2339 1746 2392 contrahenda
1793 2357 1858 2392 ex

245 2408 490 2460 finitimis
547 2410 857 2479 regionibus
916 2409 1115 2462 auxilia
1166 2410 1233 2462 ab
1280 2409 1586 2462 Alexandro
1634 2409 1857 2478 aliisque

246 2479 490 2546 pessimis
528 2480 923 2533 consultoribus
951 2480 1294 2532 dimittuntur
1331 2480 1520 2548 hisque
1557 2478 1856 2546 mandatur,

359 2664 383 2703 7
430 2664 637 2716 inspecto
702 2677 830 2704 crure
891 2665 1163 2715 Vindinqius‚
1233 2663 1410 2709 infecta
1468 2675 1576 2703 cura
1637 2664 1856 2710 Wasseus,

245 2722 462 2772 suscepta
510 2732 620 2760 cura
668 2720 952 2772 Wopkensius
1099 2721 1149 2760 11
1198 2719 1348 2760 seuire
1391 2720 1426 2760 G
1451 2718 1457 2770 1
1486 2720 1667 2772 accepit
1706 2719 1741 2761 G
1780 2730 1857 2759 ce-

245 2775 314 2828 pit
344 2775 386 2815 B
503 2777 554 2815 12
587 2777 899 2830 oportunitate
933 2776 1010 2818 ΕΒ
1125 2777 1179 2817 23
1210 2775 1351 2817 sestis
1394 2776 1429 2816 G
1487 2775 1617 2816 scitis
1648 2775 1691 2815 B
1749 2773 1859 2827 Scy-

245 2831 338 2872 this
369 2831 594 2872 Mera-erus
680 2834 733 2873 29
763 2833 1012 2886 pernitiem
1043 2832 1078 2872 G
1103 2829 1110 2883 Ι
1136 2831 1496 2885 praecipitatam
1525 2831 1615 2872 uiri
1647 2829 1701 2872 6²
1739 2843 1856 2872 corr.

247 2890 289 2930 2.
320 2901 374 2928 m.
