1956 3178
724 751 924 812 Index
968 751 1346 814 Latinitatis.

839 877 990 918 Pagina
1018 880 1054 910 et
1078 885 1223 911 vei-sue.

226 1006 295 1046 Ab
329 1004 515 1046 deorum
547 1004 643 1045 aris
674 1004 897 1044 auxilium
927 1005 995 1046 vi·

255 1066 335 1102 tae
395 1060 641 1114 implorare
691 1062 769 1112 97,
820 1062 874 1101 22
935 1061 993 1102 ab

257 1130 413 1158 eorum
443 1116 567 1167 filiis,
598 1130 681 1169 per
704 1118 819 1167 filios
849 1117 946 1168 106,
969 1118 995 1157 2

226 1173 438 1215 abdicari
469 1186 498 1214 a
526 1172 774 1226 penatibus
804 1174 877 1224 69,
904 1174 930 1212 5

227 1229 473 1271 abhorrere
492 1228 744 1282 exemplum
756 1231 825 1280 33,
839 1231 863 1270 7
888 1229 995 1281 34,5

230 1286 355 1327 abire
386 1286 582 1326 consilio
613 1286 682 1337 35,
717 1286 771 1326 16

227 1342 386 1383 ablata
408 1341 617 1394 brachia,
650 1341 817 1383 abscisa
838 1342 907 1391 97,
941 1342 994 1381 14

227 1397 434 1439 ablativus
454 1399 607 1449 tertiae
629 1398 924 1438 declinationis
950 1399 994 1437 in

258 1467 281 1494 e
316 1451 479 1508 [mare]
515 1454 612 1507 108,
645 1454 670 1494 2
704 1454 800 1504 109,
832 1454 887 1494 14

229 1509 403 1552 ablativi
443 1510 624 1551 absoluti
655 1510 864 1563 frequens
894 1522 994 1550 usus

253 1568 298 1607 in
327 1567 467 1607 verbis
508 1565 693 1619 cognito
725 1566 992 1618 conspirato

255 1622 545 1663 dissimulato
582 1621 822 1676 praedicto
861 1634 993 1675 prae-

254 1681 469 1720 nuntiato
491 1677 719 1719 simulato.
756 1677 995 1731 dispositis

256 1735 373 1775 satis
407 1734 604 1776 strenuis
641 1733 722 1775 ubi
758 1734 995 1787 pugnabat

255 1793 326 1842 54,
359 1792 412 1832 18
445 1789 725 1831 confirmatis
755 1789 837 1830 ubi
875 1791 994 1842 quis-

258 1859 344 1900 que
361 1850 652 1900 pugnaverat
669 1848 739 1897 54,
755 1847 809 1886 27
832 1847 994 1887 relicto

258 1903 337 1944 ubi
366 1905 657 1957 pugnaverat
687 1903 757 1953 58,
791 1903 845 1943 10

227 1959 454 2011 abnuere,
484 1971 687 2000 recusare
717 1959 787 2007 80,
820 1959 874 1999 15

231 2014 432 2057 abolitus
465 2027 590 2056 amor
619 2016 688 2065 39,
721 2016 775 2056 35

230 2071 638 2122 abscessus‚abitus
655 2071 818 2122 100,10
836 2070 994 2122 110,25

230 2126 461 2168 absolutio
495 2126 750 2178 cadaveris,
781 2128 994 2167 restitutio

260 2184 329 2234 66,
361 2184 414 2224 33

229 2238 467 2280 abstinere
505 2251 533 2278 a
571 2249 761 2290 corpore
798 2237 996 2290 virginis

260 2295 326 2345 16,
360 2295 415 2334 24

230 2350 485 2392 abstractio
547 2349 776 2403 coniugis,

255 2409 298 2459 4,
331 2408 386 2448 30

228 2464 441 2516 accipere
473 2460 653 2515 epulas,
681 2461 812 2502 cibum
832 2473 996 2502 sumere

257 2521 327 2568 90,
366 2519 420 2558 16
475 2519 518 2559 in
575 2530 746 2570 regnum
800 2519 996 2570 recipere

259 2576 357 2624 103,
398 2575 453 2615 28
511 2573 712 2627 benigne
770 2576 997 2626 aceeptus

260 2630 356 2681 106,
389 2631 444 2670 24

227 2685 384 2726 accitu
404 2685 654 2737 Idomenei,
678 2686 911 2725 accersitus
940 2684 993 2725 ab

256 2741 487 2783 Idomeneo
519 2743 615 2791 105,
652 2743 704 2781 14

226 2798 493 2838 accusativus
514 2799 676 2849 primae
698 2797 995 2838 declinationis

259 2855 303 2893 in
344 2865 403 2893 an
443 2855 540 2905 109,
582 2854 634 2894 17
683 2854 727 2893 in
773 2865 830 2893 en
866 2854 935 2901 21,
968 2853 994 2892 8

260 2909 329 2959 26,
362 2911 387 2950 3
409 2909 434 2949 9
453 2910 520 2957 28,
550 2909 601 2949 13
624 2913 703 2949 εἰσ.
737 2909 889 2949 tertiae
920 2909 993 2949 de-

844 2355 996 2402 raptus

1110 1006 1350 1046 clinationis
1367 1007 1408 1046 in
1425 1018 1453 1046 a
1469 1006 1539 1058 26,
1557 1007 1611 1049 28
1627 1008 1681 1049 32
1702 1008 1773 1060 27,
1790 1009 1847 1050 23

1109 1063 1180 1113 37,
1203 1063 1259 1102 24
1287 1063 1357 1111 48,
1382 1063 1433 1102 17
1456 1069 1535 1104 εἰσ.
1565 1065 1610 1103 in
1629 1075 1688 1104 ea
1704 1064 1774 1114 15,
1793 1065 1846 1106 17

1110 1118 1179 1168 81,
1201 1119 1255 1158 20
1287 1119 1381 1168 108,
1403 1119 1428 1158 5
1459 1123 1537 1159 etc.
1568 1121 1612 1159 in
1642 1131 1700 1160 en
1728 1120 1798 1171 22,
1819 1121 1846 1162 3

1917 520 1926 528 a
1919 182 1925 186 1
1913 118 1924 131 2:

1941 932 1956 979 ,μᾶ
1931 868 1956 918 .-aix
1951 844 1956 854 ,-
1928 462 1956 807 ...-'.v-.'m-·...1.-'n..fv„.'—
1951 427 1956 434 .«
1939 319 1956 365 ..ι’
1931 266 1956 274 ¹.
1925 229 1947 249 Η

1110 1174 1180 1224 25,
1212 1174 1238 1214 5
1293 1174 1363 1225 26,
1397 1175 1451 1213 14
1506 1175 1631 1227 35,1
1689 1177 1761 1227 39,
1792 1177 1845 1218 31
1913 1155 1937 1211 s

1109 1231 1179 1279 42,
1200 1230 1252 1271 15
1273 1234 1356 1271 etc.
1373 1231 1557 1283 pluralis
1575 1231 1620 1271 in
1641 1242 1692 1272 as
1707 1232 1776 1282 28,
1793 1232 1849 1274 10
1931 1266 1939 1279 ,

1080 1287 1344 1383 aggbsgtivus
1387 1344 1673 1394 respectiva:
1723 1343 1848 1384 ictus

1109 1397 1257 1438 femur
1299 1399 1377 1451 43,
1426 1399 1479 1439 31
1554 1397 1847 1452 Deiphobum

1109 1454 1272 1495 tibiam
1303 1452 1413 1494 ferit
1433 1455 1502 1505 56,
1524 1455 1578 1494 22
1608 1453 1844 1496 debilitati
1930 1467 1941 1510 j

1109 1510 1286 1551 animos
1323 1510 1450 1560 73,·8
1494 1510 1615 1551 ictus
1653 1511 1847 1564 inguina

1109 1566 1177 1617 74,
1208 1567 1265 1606 24
1320 1566 1565 1618 pugionem
1615 1566 1846 1608 incinctus

1081 1623 1438 1731 affae'asggimplici
1469 1678 1615 1719 forma
1643 1679 1714 1731 38,
1745 1680 1801 1720 24

1081 1735 1301 1785 actitata,
1336 1741 1435 1775 acta
1464 1734 1535 1788 86,
1569 1736 1621 1775 17

1082 1790 1142 1831 ad
1172 1789 1364 1832 multum
1386 1790 1507 1832 diem
1536 1792 1605 1841 59,
1628 1791 1682 1832 28
1713 1789 1772 1831 ad
1797 1789 1846 1832 id
1930 1782 1942 1826 -5ἰ

1110 1850 1291 1899 tempus
1321 1849 1389 1896 33,
1426 1847 1478 1887 19
1508 1847 1576 1895 66,
1599 1847 1626 1887 5
1656 1845 1715 1887 ad
1744 1845 1846 1887 fini-
1901 1844 1930 1902 χ’

1109 1902 1243 1943 timos
1271 1902 1499 1944 indomita
1538 1914 1652 1955 gens
1688 1903 1756 1951 60,
1789 1904 1847 1944 30

1111 1956 1170 1998 ad
1201 1969 1250 1999 se
1282 1958 1464 2011 agmine
1504 1957 1675 1999 infesto
1713 1957 1861 2009 tendi,
1928 1982 1931 1983 ν

1108 2013 1239 2055 videt
1268 2015 1339 2066 55,
1372 2015 1423 2054 11
1456 2013 1516 2053 ad
1546 2013 1733 2055 Troiam
1762 2027 1844 2056 ve·
1928 2044 1929 2047 η

1109 2069 1255 2120 niunt,
1274 2070 1416 2111 urbem
1431 2071 1725 2123 inyrediuntur
1739 2070 1781 2122 5,
1795 2071 1847 2111 17
1924 2079 1935 2083 ’

1109 2131 1152 2167 et
1180 2127 1243 2166 ita
1275 2126 1334 2166 ad
1355 2124 1540 2167 Troiam
1561 2125 1681 2167 redit
1700 2126 1769 2178 69,
1789 2126 1846 2167 24

1111 2180 1169 2222 ad
1198 2181 1378 2223 Troiam
1410 2185 1520 2224 eunt
1549 2183 1618 2232 94,
1650 2183 1676 2223 9

1083 2237 1253 2278 addere
1295 2238 1498 2291 aliquem
1535 2237 1846 2280 adiumentum
1920 2247 1944 2278 7

1083 2295 1301 2402 affi'mlata
1332 2349 1445 2402 fuga
1475 2350 1544 2401 76,
1575 2350 1601 2390 5

1083 2405 1277 2446 adfabre
1352 2408 1618 2458 compactus
1702 2415 1848 2457 equus

1110 2462 1179 2512 95,
1212 2462 1266 2502 32

1083 2515 1299 2558 adfinitas
1337 2516 1520 2569 generis
1556 2518 1598 2568 8,
1632 2516 1685 2557 10
1715 2516 1785 2568 21,
1816 2517 1845 2556 2
1931 2539 1934 2542 ·

1111 2571 1363 2613 adfinitatis
1394 2572 1559 2625 pignus
1590 2573 1659 2623 21,
1693 2574 1719 2613 9
1749 2583 1842 2613 me·

1109 2628 1244 2668 ritum
1275 2629 1343 2679 81,
1374 2629 1399 2669 6
1437 2627 1509 2668 ius
1539 2628 1608 2678 85,
1633 2629 1687 2669 29
1723 2628 1795 2680 87,
1818 2629 1848 2668 5

1081 2683 1310 2724 adflictari
1340 2682 1494 2725 dolore
1525 2685 1593 2734 20,
1615 2685 1670 2724 33
1700 2683 1769 2732 23,
1791 2683 1848 2724 33

1082 2738 1300 2780 adhibere
1329 2751 1485 2780 euram
1510 2738 1692 2781 vulneri
1718 2740 1789 2790 24,
1816 2739 1847 2780 5

1108 2796 1335 2836 rationem
1366 2794 1534 2836 futuris
1563 2796 1632 2845 89,
1655 2795 1681 2835 6
1711 2792 1846 2836 finem
1903 2803 1908 2806 ·

1108 2853 1177 2903 93,
1211 2853 1262 2892 11
1295 2863 1458 2904 preces
1487 2853 1559 2901 94,
1592 2852 1645 2891 17
1682 2849 1847 2891 volun-

1107 2910 1252 2948 tatem
1283 2907 1472 2960 negotio
1501 2907 1571 2957 48,
1600 2907 1655 2946 29

1919 2894 1956 2953 ,γει
