1956 3178
251 159 321 211 26
797 161 1060 206 DARETIS
1093 162 1346 207 PHRYGII

248 279 575 333 Arcesilaum
607 280 1027 334 Prothoenorem
1061 282 1268 334 occidit.
1327 301 1436 336 nox
1465 285 1726 352 proelium
1763 285 1887 339 diri-

248 354 361 406 mit.
437 354 815 423 Agamemnon
859 358 1023 407 noctu
1069 355 1127 407 in
1173 356 1455 410 consilium
1505 375 1690 410 omnes
1729 358 1886 412 duces

249 431 508 479 convocat
554 427 740 480 suadet
784 428 1054 497 hortatur,
1099 432 1160 481 ut
1206 447 1390 482 omnes
1441 430 1499 482 in
1551 431 1719 484 aciem
1764 449 1885 501 pro-

250 500 411 552 deant
464 504 518 553 et
562 502 794 554 maxime
839 500 1126 555 Hectorem
1180 507 1588 572 persequantur,
1643 505 1768 574 quia
1822 505 1886 558 de

201 587 225 619 5
248 574 332 625 his
373 574 579 643 aliquos
621 574 779 628 duces
819 575 1141 629 fortissimos
1181 577 1388 630 occidit.

396 646 543 700 XXI.
634 648 793 701 Mane
854 649 997 701 facto
1058 648 1259 702 Hector
1319 649 1531 703 Aeneas
1586 649 1889 704 Alexander

249 721 538 773 exercitum
592 722 836 775 educunt.
929 740 1113 775 01111168
1174 723 1332 776 duces
1385 722 1714 784 Achivorum
1765 743 1887 794 pro-

249 794 427 846 deunt.
487 795 550 847 fit
587 813 785 864 magna
823 795 1024 848 caedes,
1093 797 1264 849 multa
1301 797 1450 849 milia
1487 797 1715 850 invicem
1751 797 1887 852 Orco

249 867 605 921 dimittuntur.
675 868 949 921 Menelaus
989 868 1355 922 Alexandrum
1402 871 1652 940 persequi
1689 871 1887 941 coepit:

183 955 226 986 10
251 959 408 1010 quem
461 942 751 1010 respiciens
805 941 1110 995 Alexander
1172 944 1370 1014 sagitta
1423 943 1654 997 Menelai
1716 944 1891 998 femur

247 1015 532 1084 transfigit.
607 1016 696 1068 ille
744 1016 925 1069 dolore
971 1020 1268 1070 commotus
1313 1018 1515 1085 pariter
1565 1036 1685 1071 cum
1723 1017 1888 1072 Aiace

248 1086 418 1140 Locro
472 1106 585 1141 non
645 1092 857 1142 cessant
912 1107 1034 1142 eum
1095 1091 1356 1160 persequi.
1455 1108 1588 1160 quos
1641 1095 1704 1144 ut
1755 1091 1889 1145 vidit

249 1159 450 1214 Hector
495 1161 761 1214 instanter
806 1162 1027 1215 fratrem
1083 1182 1238 1215 suum
1293 1164 1561 1234 persequi,
1616 1164 1887 1233 subpetias

252 1252 373 1286 cum
419 1234 603 1287 Aenea
649 1236 698 1288 ei
735 1236 896 1288 venit.
974 1253 1131 1305 quem
1170 1235 1382 1290 Aeneas
1433 1237 1602 1306 clipeo
1639 1239 1887 1307 protexit,

182 1322 225 1355 15
249 1311 303 1359 et
341 1308 405 1360 de
443 1309 646 1376 proelio
670 1309 738 1362 ad
762 1310 1033 1362 civitatem
1073 1328 1251 1364 secum
1291 1311 1524 1364 adduxit.
1590 1329 1698 1365 nox
1735 1329 1886 1380 proe-

248 1381 380 1433 lium
435 1382 650 1435 dirimit.
739 1382 976 1436 Achilles
1040 1387 1256 1452 postera
1317 1384 1400 1437 die
1453 1402 1574 1437 cum
1627 1383 1886 1438 Diomede

249 1455 537 1508 exercitum
599 1456 789 1509 educit.
888 1460 1076 1510 contra
1135 1456 1337 1511 Hector
1397 1461 1451 1510 et
1502 1458 1728 1511 Aeneas,
1825 1457 1888 1511 fit

248 1544 447 1597 magna
485 1530 694 1582 caedes:
742 1529 944 1583 Hector
991 1530 1377 1584 Orcomeneum
1419 1531 1719 1585 Ialmenum
1757 1530 1885 1600 Epi-

250 1602 529 1670 strophum
566 1601 850 1656 Schedium
884 1604 942 1656 E
946 1605 1283 1673 lephenorem
1314 1605 1518 1658 Dioren
1555 1604 1886 1674 Polyxenum

178 1690 226 1721 20
250 1674 407 1728 duces
471 1676 684 1743 occidit,
745 1678 955 1730 Aeneas
1017 1678 1468 1746 Amphimachum
1534 1682 1588 1731 et
1645 1677 1885 1746 Nireum,

248 1747 485 1801 Achilles
537 1749 878 1818 Euphemum
931 1750 1303 1819 Hippothoum
1361 1751 1616 1819 Pylaeum
1669 1751 1884 1806 Astero-

243 1839 454 1890 paeum‚
492 1821 778 1876 Diomedes
817 1824 1117 1892 Antiphum
1155 1825 1433 1879 Mesthlen.
1507 1825 1885 1895 Agamemnon

247 1897 308 1947 ut
351 1895 486 1948 vidit
531 1896 688 1950 duces
743 1897 1065 1950 fortissimos
1121 1899 1393 1967 cecidisse,
1447 1915 1687 1968 pugnam
1734 1915 1884 1952 revo-

369 2060 391 2099 1
441 2055 725 2100 archilocum
778 2057 874 2101 LG
957 2057 1223 2102 arcisilaum
1278 2058 1364 2113 M,
1419 2057 1539 2101 unde
1594 2056 1883 2106 Arcesilaum

244 2114 428 2158 restitui
461 2117 467 2170 Ι
501 2117 796 2170 protenorem
826 2115 921 2160 LG
1041 2121 1066 2159 2
1105 2117 1427 2174 Agamemnon
1444 2142 1498 2148 —
1517 2115 1690 2160 occidit
1725 2127 1809 2160 om.
1841 2115 1884 2158 L

249 2177 273 2215 7
314 2172 453 2216 duces
492 2186 574 2216 om.
617 2166 700 2227 G'l
733 2175 1015 2231 Argiuorum
1053 2174 1096 2219 G
1223 2181 1249 2220 8
1288 2174 1489 2219 inuicem
1528 2187 1611 2219 om.
1643 2173 1687 2217 G
1721 2176 1726 2228 Ι
1765 2173 1883 2218 Orco

247 2230 566 2288 dimittuntur]
585 2235 733 2275 morte
751 2232 1031 2278 dirimuntur
1049 2234 1092 2278 G
1143 2234 1475 2278 interimuntur
1493 2233 1555 2276 M
1660 2237 1713 2276 12
1732 2235 1884 2277 cessat

247 2289 291 2332 G
400 2295 455 2332 14
479 2289 523 2333 ei
547 2305 680 2347 supp.
703 2305 809 2334 cum
833 2305 950 2336 enea
982 2306 1166 2349 superu,
1200 2293 1242 2337 G
1350 2297 1402 2335 15
1428 2294 1476 2336 et
1500 2305 1654 2336 secum
1679 2289 1723 2334 G
1829 2295 1883 2334 18

247 2360 525 2392 0160111611611
548 2348 643 2392 LG
669 2350 676 2404 [
701 2349 997 2406 palamonem
1022 2350 1116 2395 LG
1168 2352 1425 2395 Ialmenum
1448 2350 1727 2395 Dedericlme
1754 2352 1760 2399 l
1788 2349 1885 2406 epi-

247 2405 444 2450 strofum
468 2406 565 2452 LG
672 2413 725 2452 19
751 2408 958 2452 scedium
981 2409 1077 2454 LG
1103 2414 1110 2463 1
1137 2410 1235 2454 6160
1259 2409 1340 2454 1161
1362 2409 1617 2466 phenorem
1639 2407 1684 2451 L
1735 2406 1884 2464 helpi-

247 2478 408 2508 norem
440 2464 482 2509 G
510 2467 516 2521 Ι
543 2465 726 2510 dorium
754 2466 850 2510 LG
877 2471 882 2522 Ι
910 2468 1052 2524 polix.
1085 2468 1180 2512 LG
1299 2473 1355 2512 20
1394 2467 1571 2511 Eneam
1602 2465 1646 2511 G
1671 2466 1678 2524 Ι
1705 2465 1883 2523 amphi-

245 2536 431 2567 macum
462 2523 506 2567 G
565 2524 923 2581 enphimachum
958 2526 1002 2569 L
1028 2530 1034 2581 Ι
1061 2527 1242 2571 nerium
1274 2526 1337 2569 M
1392 2528 1570 2570 metum
1601 2524 1644 2568 G
1683 2525 1783 2579 (om.
1823 2526 1883 2580 et)

245 2583 453 2625 moetum
476 2582 541 2636 L,
571 2583 625 2627 in
653 2584 859 2639 maryine
889 2586 937 2628 et
963 2598 1154 2629 nereum
1273 2589 1327 2628 21
1362 2597 1420 2628 611
1452 2584 1624 2628 henum
1657 2581 1701 2628 G
1725 2584 1735 2595 “
1759 2581 1884 2626 eufe-

246 2654 375 2683 mum
420 2640 463 2683 L
505 2643 511 2696 Ι
552 2641 815 2699 hyppotum
862 2641 905 2686 G
978 2642 1208 2700 hypotum
1253 2642 1297 2685 L
1338 2644 1343 2697 Ι
1385 2657 1416 2700 p
1452 2641 1595 2686 ileum
1637 2640 1682 2686 G
1718 2653 1800 2684 om.
1841 2640 1884 2683 L

246 2698 442 2753 Pyleum
483 2699 738 2744 Mercem'us
771 2702 778 2756 1
812 2700 1032 2745 asterium
1063 2701 1106 2744 L
1178 2703 1412 2746 astoreum
1445 2699 1488 2744 G
1547 2700 1883 2756 Asteropaeum

246 2756 528 2801 Dederichus
662 2763 718 2804 22
758 2759 1038 2817 xantippum
1083 2759 1179 2804 LG
1261 2759 1520 2816 Antiphum
1566 2757 1879 2813 Dederichusl

317 2825 343 2847 n

246 2825 426 2902 11168160
456 2858 500 2902 L
565 2862 846 2905 mnestorem
879 2860 923 2906 G
990 2861 1239 2907 Mesthlem
1272 2862 1526 2907 Meo-cerias
1653 2863 1709 2905 23
1745 2858 1884 2903 duces

248 2928 332 2974 om.
363 2916 427 2969 G,
458 2930 559 2972 sup.
593 2919 674 2962 lin.
708 2919 812 2962 add.
846 2919 900 2962 L.
