1956 3178
236 108 247 116 ’
297 131 367 185 34
807 130 1028 172 mcrys
1061 131 1401 175 cRETENffls

297 258 498 313 versari
548 260 672 309 ante
722 255 963 308 omnium
1021 256 1204 308 oculos
1253 260 1499 325 oportere
1554 260 1915 327 praesentiam

297 347 486 400 regum
526 326 852 380 Graecorum
900 344 1189 395 eorumque
1237 327 1379 380 facta
1423 327 1587 381 fortia
1633 347 1695 382 ac
1729 347 1922 384 recens.

299 404 510 470 partam
536 397 763 467 gloriam
801 397 965 449 erutis
1003 397 1336 451 amicissimis
1366 397 1557 451 Troiae
1593 399 1913 454 civitatibus·

303 473 371 524 ob
412 487 527 522 eam
566 467 726 519 etiam
765 484 977 519 causam
1020 467 1443 535 Polymestorem
1491 470 1791 539 exemplum
1827 470 1923 524 ad-

260 562 280 594 5
301 540 448 594 missi
485 538 863 591 abhorrentem
919 538 1062 590 ultro
1113 537 1328 591 Graecis
1372 539 1699 607 Polydorum
1754 541 1919 594 tradi-

303 612 456 663 disse.
533 627 597 661 ex
647 625 752 676 quo
794 608 955 660 etiam
991 608 1306 678 verendum,
1357 628 1425 662 ne
1465 610 1592 679 quid
1628 611 1736 663 tale
1775 629 1919 664 com-

301 684 513 734 mentae
552 679 811 732 finitimae
849 680 1096 747 regiones
1135 679 1438 748 perniciosa
1475 681 1699 734 consilia
1735 682 1921 734 adver-

302 771 419 805 sum
477 750 694 803 Troiam
752 749 1095 802 molirentur:
1158 749 1297 802 nihil
1356 751 1690 819 exploratum
1744 769 1922 821 neque

301 822 483 890 fidum,
524 824 712 873 contra
748 819 1006 874 insidiosa
1043 824 1234 873 cuncta
1279 824 1439 889 atque
1478 821 1699 874 adversa
1734 823 1794 874 in
1831 825 1922 875 ob-

240 915 280 948 10
304 892 510 946 sidione
537 891 669 944 fore.
733 909 868 959 quae
907 893 952 944 si
979 909 1179 959 omneS,
1217 891 1296 943 ita
1318 891 1399 944 uti
1421 909 1525 957 par
1555 895 1703 960 esset,
1738 892 1927 946 animo

302 965 639 1032 reputarent,
678 978 853 1029 neque
903 962 1125 1014 ulterius
1166 961 1484 1015 differendos
1531 962 1738 1032 legatos
1773 965 1927 1031 pate-

302 1036 506 1101 rentur,
547 1036 601 1084 et
635 1030 846 1084 Helena
883 1050 1005 1085 cum
1031 1032 1204 1102 gratia
1241 1032 1462 1084 remissa
1492 1035 1613 1096 fore
1649 1042 1703 1085 ut
1746 1033 1924 1086 maius

307 1107 467 1172 atque
516 1102 683 1170 artius
722 1102 987 1155 amicitiae
1024 1103 1222 1171 pignus
1259 1103 1401 1155 inter
1449 1102 1551 1155 duo
1599 1119 1767 1172 regna
1801 1120 1920 1156 coa-

304 1175 543 1227 lesceret.
609 1190 744 1240 quae
781 1173 875 1224 ubi
913 1173 1117 1241 accepit
1146 1171 1372 1241 Hector,
1410 1173 1778 1226 recordatione
1814 1173 1922 1226 fra-

241 1265 281 1298 15
306 1244 449 1298 terni
497 1243 751 1295 facinoris
797 1244 1005 1295 tristior
1053 1243 1388 1311 aliquantum
1437 1243 1754 1312 suffusisque
1800 1261 1924 1297 cum

303 1331 543 1368 maerore
598 1313 832 1365 lacrimis
887 1312 1152 1365 Helenam
1208 1317 1389 1365 tamen
1449 1313 1778 1382 prodendam
1824 1314 1925 1366 mi-

304 1386 450 1439 nime
490 1384 730 1452 rebatur,
771 1385 968 1452 quippe
1007 1383 1302 1452 supplicem
1327 1383 1514 1436 domus
1554 1386 1607 1436 et
1633 1383 1701 1437 ob
1738 1383 1794 1436 id
1817 1384 1926 1437 fide

305 1454 626 1523 interposita
669 1453 950 1506 tuendam:
1010 1454 1055 1506 si
1104 1471 1210 1521 qua
1256 1456 1434 1506 autem
1482 1471 1603 1506 cum
1641 1471 1703 1506 ea
1739 1457 1927 1523 erepta.

1627 1 1639 7 <
1743 7 1745 9 ,
1771 16 1774 17 ⁷
1806 0 1856 17 «ῃ,
1895 0 1956 82 Ἷ

1721 33 1728 39 -
1832 28 1858 39 ἡ·
1920 29 1929 43 ,Α

1922 81 1956 134 ·³.

308 1526 648 1593 docerentur,
688 1528 880 1577 cuncta
914 1522 1257 1576 restituenda.
1319 1542 1552 1593 namque
1588 1542 1686 1594 pro
1712 1523 1924 1578 Helena

244 1618 285 1651 20
309 1594 662 1650 Cassandram
700 1594 810 1646 sive
837 1594 1183 1673 Polynenam‚
1224 1611 1384 1662 quam
1420 1594 1612 1664 legatis
1637 1594 1926 1664 videretur,
1954 1597 1956 1602 '

307 1669 538 1735 nuptum
576 1682 696 1717 cum
734 1665 1017 1732 praeclarls
1056 1664 1209 1716 donis
1238 1664 1485 1717 Menelao
1522 1664 1849 1718 tradendam.

449 1734 649 1788 XXVI.
713 1733 799 1786 Ad
837 1753 899 1787 ea
933 1733 1210 1786 Menelaus
1247 1734 1499 1787 iracunde
1525 1738 1702 1787 atrox:
1739 1752 1927 1805 „egre-

309 1808 395 1877 gie
431 1806 675 1858 hercules
709 1807 886 1857 actum
923 1804 1079 1857 nobis
1118 1808 1213 1873 est,
1252 1804 1511 1873 siquidem
1546 1805 1766 1874 proprio
1805 1823 1929 1874 spo·

310 1877 473 1929 liatus
500 1879 825 1929 commutare
851 1876 1254 1927 matrimonium
1290 1893 1388 1943 pro
1428 1875 1649 1928 arbitrio
1686 1875 1926 1928 hostium

250 1967 291 2001 25
313 1965 554 2000 meorum
580 1948 797 2016 cogor.“
846 1945 1127 1998 adversum
1153 1963 1311 2012 quem
1328 1947 1539 1997 Aeneas
1575 1963 1671 2014 „ac
1699 1964 1768 1998 ne
1791 1945 1928 2000 haec

314 2016 564 2086 quidem“
602 2017 678 2068 ait
714 2015 1109 2084 „concedentur
1134 2014 1531 2068 contradicente
1557 2033 1618 2068 ac
1642 2016 1928 2069 resistente

311 2105 397 2140 me
444 2086 794 2154 reliquisque,
835 2087 927 2154 qui
974 2085 1175 2139 adfines
1222 2085 1481 2154 amicique
1519 2085 1826 2139 Alexandro
1863 2086 1924 2138 in

313 2175 426 2210 rem
466 2157 578 2209 eius
605 2156 945 2208 consulimus,
1011 2159 1137 2209 sunt
1163 2156 1305 2208 enim
1331 2160 1490 2224 atque
1516 2159 1674 2208 erunt
1701 2173 1927 2224 semper,

317 2228 410 2296 qui
436 2227 653 2279 domum
677 2243 1009 2294 regnumque
1028 2226 1231 2279 Priami
1254 2230 1507 2279 tueantur
1530 2243 1704 2295 neque
1731 2226 1928 2279 amisso
1944 2227 1956 2266 -’

252 2319 293 2352 30
316 2296 584 2366 Polydoro
625 2297 824 2348 orbitas
849 2295 1121 2348 Priamum
1158 2297 1469 2365 insequetur
1504 2299 1588 2349 tot
1623 2296 1927 2364 talibusque

314 2367 438 2421 filiis
496 2366 884 2436 superstitibus
976 2384 1045 2418 an
1095 2366 1221 2419 solis
1280 2367 1372 2435 qui
1419 2384 1483 2418 ex
1530 2366 1754 2418 Graecia
1801 2367 1934 2418 sunt

315 2442 499 2506 raptus
524 2436 831 2489 huiusmodi
857 2435 1272 2489 concederetur?
1320 2437 1516 2504 quippe
1545 2434 1731 2489 Cretae
1755 2435 1930 2502 Euro-

430 2581 457 2620 4
486 2579 841 2633 polymestorum
865 2579 942 2621 GB
969 2578 975 2630 1
1002 2578 1196 2632 exempli
1220 2578 1297 2620 GB
1413 2580 1437 2618 5
1460 2578 1734 2619 abhorrente
1758 2578 1794 2619 G
1849 2577 1931 2629 ads

316 2636 577 2676 horrentem
596 2636 638 2675 B
670 2649 783 2678 corr.
811 2636 893 2676 VP
976 2638 1000 2677 7
1023 2635 1279 2688 pernitiosa
1312 2634 1389 2674 GB
1462 2635 1488 2675 8
1518 2646 1667 2687 neque
1689 2633 1826 2675 fidum
1849 2632 1933 2675 GR

317 2691 432 2732 nihil
470 2691 754 2744 exploratum
797 2704 941 2745 neque
982 2690 1118 2731 fidum
1148 2691 1248 2741 PV‚
1288 2690 1512 2730 Mercerus
1555 2692 1736 2732 coniecit
1778 2701 1927 2742 neque

317 2747 519 2794 fidelius,
554 2747 783 2790 Obrechtus
814 2760 958 2801 neque
988 2747 1095 2788 fidei
1124 2747 1209 2787 ius.
1243 2760 1298 2786 an
1327 2747 1590 2787 scribendum
1618 2758 1768 2799 neque
1799 2745 1928 2798 quic-

319 2816 454 2857 quam
485 2802 650 2844 fidum?
770 2807 822 2846 10
860 2805 930 2844 ita
959 2805 1030 2844 uti
1061 2816 1146 2856 par
1177 2805 1301 2843 esset
1329 2804 1506 2855 scripsi,
1546 2804 1590 2843 in
1628 2802 1747 2843 libris
1777 2802 1929 2854 legitur

317 2859 398 2956 {ltat
426 2860 525 2955 utiB
533 2873 604 2901 res
644 2864 714 2901 est
819 2862 871 2901 12
904 2860 1003 2901 fore
1033 2865 1083 2900 ut
1112 2873 1134 2900 e
1166 2860 1409 2900 coniectura
1439 2860 1580 2900 adieci
1664 2859 1717 2899 32
1764 2868 1931 2898 conce·

353 2928 375 2957 e
400 2928 452 2955 ur
530 2949 540 2959 .
