1956 3178
278 108 346 161 72
789 109 1011 152 DIcTYs
1043 103 1379 153 ORETENSIS

275 235 518 286 Aurorae
574 234 717 285 filius
783 233 1093 303 ingentibus
1136 233 1394 286 Indorum
1458 238 1618 315 atque
1663 237 1881 290 Aethio·

275 323 404 372 pum
443 304 611 372 copiis
638 304 961 371 supervenit,
988 321 1185 384 magna
1214 303 1373 371 fama,
1401 305 1597 374 quippe
1633 307 1692 358 in
1716 322 1881 360 unam

274 375 458 426 multis
514 374 730 426 milibus
785 374 1002 426 armatis
1058 375 1206 427 vario
1275 392 1470 444 genere
1540 393 1660 444 spes
1723 375 1880 455 etiam

275 448 506 524 votaque
544 444 607 495 de
646 462 702 496 se
739 443 940 496 Priami
989 449 1345 525 superaverat:
1425 464 1657 514 namque
1704 445 1886 525 omnia-

233 532 254 564 5
277 515 476 567 circum
523 514 737 566 Troiam
789 518 874 567 et
889 515 1054 582 ultra,
1103 533 1237 595 quae
1286 516 1388 567 visi
1433 519 1704 583 poterant,
1751 515 1883 567 viris

275 589 435 652 atque
462 585 612 652 equis
638 585 842 664 repleta
875 585 1157 653 splendore
1192 586 1487 655 insignium
1522 586 1874 660 refulgebant.

275 672 366 707 eos
405 673 589 707 omnes
638 655 779 724 iugis
827 654 1049 708 Caucasi
1097 658 1296 708 montis
1342 655 1408 708 ad
1451 656 1666 709 Troiam
1713 656 1882 723 duxit,

273 725 509 793 reliquos
555 743 731 794 neque
778 743 1001 778 numero
1059 725 1339 778 inferiores
1403 726 1655 794 imposito
1710 725 1882 778 Phala

274 795 407 846 (11133
454 798 614 863 atque
661 799 865 848 rectore
920 796 1055 847 mari
1101 796 1261 848 misit.
1347 797 1439 864 qui
1485 796 1692 864 adpulsi
1737 795 1883 848 Rho-

211 884 252 916 ιο
277 865 427 932 (111111,
483 866 576 917 ubi
634 865 1055 918 animadvertere
1110 866 1340 918 insulam
1397 867 1613 919 Graecis
1667 866 1881 932 sociam,

274 936 458 1003 veriti,
505 953 574 987 ne
621 954 677 988 re
725 936 942 1005 cognita
987 936 1400 988 incenderentur
1454 954 1642 1003 naves,
1685 936 1883 989 ibidem

273 1005 675 1073 operiebantur:
736 1024 796 1058 ac
853 1024 978 1058 mox
1024 1006 1181 1058 divisi
1227 1007 1286 1058 in
1333 1005 1602 1059 Camirum
1646 1010 1701 1059 et
1737 1006 1877 1074 Ialy-

275 1093 419 1141 sum,
467 1076 627 1127 urbes
675 1076 971 1143 opulentas.
1063 1094 1238 1144 neque
1295 1077 1464 1129 multo
1511 1079 1637 1144 post
1682 1075 1881 1128 Rhodii

274 1144 500 1198 Phalam
538 1145 796 1213 incusare,
832 1145 976 1215 quod
999 1146 1161 1214 paulo
1189 1149 1313 1198 ante
1351 1163 1534 1198 eversa
1511 1095 1626 1198 pab
1651 1146 1885 1198 Alexan-

210 1232 251 1265 15
276 1214 371 1267 dro
421 1214 622 1268 Sidona
666 1187 841 1284 patria
887 1234 983 1268 sua
1039 1216 1296 1268 auxilium
1351 1217 1426 1284 ei,
1485 1234 1516 1268 a
1563 1234 1668 1284 quo
1707 1217 1886 1269 laesus

274 1285 368 1353 sit,
417 1285 557 1338 ferre
605 1289 845 1354 cuperet:
896 1304 1001 1354 quo
1050 1287 1258 1338 animos
1304 1287 1565 1339 exercitus
1609 1303 1886 1355 permove-

273 1359 417 1423 rent,
458 1357 772 1408 confirmare
817 1356 961 1408 haud
1009 1356 1290 1408 dissimiles
1328 1357 1676 1408 barbarorum
1712 1356 1881 1409 videri

274 1443 390 1492 303,
432 1427 524 1494 qui
561 1429 671 1478 tam
709 1425 994 1496 indignum
1030 1426 1240 1478 facinus
1277 1426 1640 1479 defenderent.
1713 1426 1886 1478 multa

273 1498 573 1563 praeterea,
612 1514 747 1564 quae
786 1514 1073 1549 accensura
1114 1496 1332 1565 vulgum
1370 1500 1423 1549 et
1458 1514 1556 1564 pro
1595 1514 1650 1548 se
1686 1496 1885 1549 facturi

209 1583 251 1616 20
274 1570 468 1634 essent,
509 1567 790 1619 disserere:
831 1584 966 1634 quae
1003 1584 1087 1619 res
1112 1566 1256 1618 haud
1291 1565 1492 1619 frustra
1527 1566 1648 1619 fuit.
1711 1565 1883 1619 Phoe-

272 1635 418 1687 nices
465 1654 722 1716 namque,
771 1637 863 1704 qui
909 1637 967 1689 in
1013 1655 1076 1688 eo
1119 1637 1352 1689 exercitu
1386 1637 1606 1704 plurimi
1643 1635 1914 1717 3113131111,ἱ

271 1706 504 1773 permoti
551 1706 781 1774 querelis
827 1705 1162 1759 Rhodiorum
1215 1724 1285 1758 an
1336 1706 1584 1774 cupidine
1631 1705 1885 1775 (1111111311-

273 1775 460 1827 (13111111
496 1794 690 1843 13111111,
729 1794 860 1844 quas
897 1794 1075 1828 secum
1107 1776 1452 1844 advexerant,
1489 1776 1717 1829 Phalam
1753 1776 1887 1845 lapi-

275 1844 431 1898 dibus
476 1846 704 1899 insecuti
750 1853 946 1899 necant
991 1846 1367 1914 distributique
1412 1865 1509 1914 per
1551 1846 1883 1914 supradictas

209 1932 252 1966 25
274 1916 433 1968 urbes
471 1934 660 1968 aurum
692 1934 753 1968 ac
789 1917 995 1984 reliqua
1018 1916 1244 1996 praedae
1285 1917 1427 1968 inter
1461 1935 1516 1968 33
1542 1917 1878 1984 (11311311111111.

414 1985 481 2039 V.
544 1986 769 2038 Interim
806 1987 1083 2054 31131311113,
1123 1987 1214 2054 qui
1252 2003 1372 2038 cum
1398 1985 1687 2038 Memnone
1723 2003 1883 2038 vene-

271 2060 383 2123 rat,
440 2057 636 2135 positis
682 2075 780 2124 per
825 2057 972 2109 locos
1025 2056 1238 2136 patulos
1295 2057 1505 2124 castris,
1562 2074 1690 2108 nam
1733 2057 1884 2108 intra

272 2125 487 2178 moenia
523 2125 667 2177 haud
703 2126 859 2178 facile
896 2130 1048 2179 tanta
1095 2127 1176 2179 vis
1213 2126 1493 2178 hominum
1529 2125 1749 2178 retineri
1783 2143 1879 2194 po-

274 2199 439 2263 terat,
512 2195 707 2248 diversi
768 2214 864 2248 suo
937 2197 1161 2264 quisque
1222 2213 1416 2265 genere
1478 2197 1877 2248 exercebantur.

209 2282 252 2316 30
275 2283 450 2334 neque
497 2266 680 2317 eadem
740 2272 792 2318 in
839 2269 951 2318 arte
1011 2266 1234 2334 simplex
1282 2270 1440 2335 atque
1487 2266 1629 2318 idem
1675 2265 1881 2333 moduS,

271 2336 364 2389 sed
400 2338 462 2387 ut
499 2353 762 2404 quemque
799 2336 1034 2405 regionis
1073 2353 1197 2388 suae
1234 2354 1350 2388 mos
1390 2335 1766 2404 adsuefecerat,
1803 2335 1883 2388 ita

387 2537 413 2575 3
444 2547 614 2587 genere
644 2533 892 2586 insignium
920 2534 1040 2584 libri,
1073 2534 1321 2586 insignium
1352 2546 1429 2573 om.
1466 2533 1509 2573 V
1534 2545 1642 2586 quae
1669 2545 1756 2573 vox
1784 2532 1881 2583 for-

270 2596 387 2631 tasse
407 2591 484 2631 huc
515 2603 537 2630 e
567 2590 836 2644 sequentibus
854 2591 1036 2642 irrepsit
1110 2591 1138 2629 4
1167 2593 1368 2640 uotaque
1394 2601 1510 2640 quae
1536 2588 1571 2628 G
1647 2590 1673 2628 5
1697 2587 1880 2628 Obrech-

272 2652 340 2686 tus
369 2659 452 2686 non
480 2650 587 2688 male
618 2659 709 2698 qua
744 2646 834 2686 uisi
874 2648 1077 2699 poterat,
1117 2651 1162 2685 ut
1197 2658 1332 2696 supra
1363 2644 1445 2685 III
1485 2647 1539 2684 15
1656 2645 1708 2684 12
1740 2643 1878 2684 cami-

271 2715 369 2741 ram
403 2700 482 2742 GB
541 2702 748 2753 calysum
782 2701 861 2743 GB
898 2708 1116 2754 utrumque
1155 2714 1269 2741 corr.
1302 2700 1529 2740 Mer-cerus
1646 2701 1699 2739 14
1729 2699 1879 2751 palam

275 2757 353 2798 ΕΒ
409 2757 604 2798 Phalam
641 2758 685 2797 P
830 2759 881 2798 19
921 2758 1105 2798 factura
1151 2756 1234 2796 VP
1379 2758 1432 2796 23
1480 2755 1764 2796 aduexerant
1802 2753 1882 2795 GB

273 2812 531 2853 adduxerat
571 2814 624 2864 P,
663 2814 930 2854 Dederielms
967 2812 1220 2853 aduexerat
1346 2814 1401 2852 30
1435 2812 1799 2863 praepositionem
1828 2811 1878 2850 in

273 2871 426 2909 addidi
453 2883 543 2909 cum
574 2870 893 2918 Hildebrando,
925 2869 1051 2910 habet
1081 2881 1171 2910 eam
1195 2874 1297 2920 post
1328 2879 1478 2921 neque
1514 2867 1567 2908 V.
