1956 3178
204 150 272 202 36
649 160 654 173 “
751 148 1013 193 DARETIS
1046 148 1301 194 PHRYGII

350 268 516 322 XXX.
602 269 980 338 Agamemnon
1035 268 1161 321 dum
1214 269 1452 322 indutiae
1498 273 1623 323 sunt
1676 271 1844 323 mittit

203 345 270 396 ad
331 343 598 396 Achillem
660 342 859 396 Ulixen
927 341 1214 395 Nestorem
1275 346 1328 396 et
1396 343 1723 410 Diomeden,
1783 348 1844 397 ut

201 421 394 487 rogent
449 435 570 468 eum
623 417 682 468 in
735 417 935 468 bellum
996 417 1223 485 prodire.
1317 417 1552 487 abnegat
1607 417 1843 470 Achilles

202 494 437 544 maestus
446 533 460 559 ,
510 491 651 560 quod
691 491 798 542 iam
838 490 1198 543 destinaverat
1241 491 1299 543 in
1337 491 1536 544 bellum
1575 509 1686 544 non
1722 510 1844 560 pro-

159 578 180 611 5
205 566 315 617 dire
368 565 435 617 ob
486 564 541 616 id
593 565 734 634 quod
780 565 1100 633 promiserat
1137 564 1411 634 Hecubae,
1463 568 1556 618 aut
1601 568 1740 618 certe
1789 583 1844 619 se

203 639 382 690 minus
414 643 779 708 pugnaturum
815 657 876 690 eo
911 639 1053 707 quod
1076 638 1404 708 Polyxenam
1430 639 1578 692 valde
1608 639 1843 692 amabat:

204 712 379 780 coepit
440 713 579 764 male
642 731 732 765 eos
796 713 1031 781 accipere
1102 713 1193 782 qui
1256 713 1322 764 ad
1384 731 1504 765 eum
1575 717 1845 781 venerant,

204 786 384 838 dicens
426 787 615 838 debere
654 790 968 855 perpetuam
1006 805 1195 855 pacem
1234 787 1369 855 fieri,
1419 790 1574 839 tanta
1610 787 1846 855 pericula

203 860 361 912 unius
386 860 624 912 mulieris
658 878 819 913 causa
850 861 986 929 fieri,
1016 861 1319 913 libertatem
1347 861 1658 930 periclitari,
1690 863 1844 914 tanto

134 948 180 979 10
203 936 445 1002 tempore
486 934 746 986 desidere:
795 952 980 1002 pacem
1021 935 1347 1003 expostulat,
1389 951 1629 1004 pugnare
1667 938 1844 1004 negat.

199 1007 601 1078 Agamemnoni
650 1009 989 1060 renuntiatur
1048 1009 1176 1077 quid
1230 1027 1349 1060 011111
1403 1008 1612 1061 Achille
1667 1012 1846 1061 actum

202 1082 293 1150 sit,
343 1082 496 1133 illum
546 1082 890 1149 pertinaciter
936 1098 1148 1151 negare.
1233 1081 1610 1151 Agamemnon
1660 1099 1844 1134 omnes

201 1155 359 1207 duces
391 1155 450 1207 in
482 1155 764 1207 consilium
797 1159 973 1223 vocat,
1013 1155 1302 1208 exercitum
1345 1155 1471 1225 quid
1510 1155 1625 1208 fieri
1657 1155 1848 1208 debeat

202 1229 457 1297 consulit,
497 1229 729 1297 imperat
768 1229 940 1281 dicere
973 1229 1101 1298 quid
1126 1229 1314 1298 cuique
1353 1229 1608 1282 videatur.
1665 1228 1844 1281 Mene-

135 1316 179 1348 15
202 1303 320 1355 laus
366 1303 574 1355 hortari
621 1303 798 1372 coepit
850 1303 1070 1355 fratrem
1119 1322 1296 1371 suum,
1350 1307 1410 1355 ut
1455 1303 1744 1356 exercitum
1789 1303 1848 1355 in

202 1394 443 1446 pugnam
489 1376 828 1445 produceret,
878 1395 975 1429 nec
1023 1377 1212 1430 debere
1258 1377 1467 1445 terreri,
1519 1377 1564 1429 si
1609 1375 1846 1429 Achilles

205 1468 260 1502 se
295 1451 647 1518 excusaverit,
681 1469 735 1503 se
767 1454 951 1506 tamen
974 1469 1353 1519 persuasurum
1377 1451 1446 1519 ei,
1484 1453 1545 1503 ut
1567 1450 1625 1502 in
1647 1450 1847 1502 bellum

202 1524 449 1592 prodeat,
481 1542 579 1576 nec
611 1525 803 1593 vereri,
837 1525 883 1577 si
914 1525 1159 1577 noluerit.
1222 1542 1636 1578 commemorare
1673 1523 1848 1592 coepit

202 1597 466 1650 Troianos
506 1616 618 1650 non
664 1598 861 1651 habere
902 1599 1066 1651 alium
1104 1599 1278 1651 virum
1323 1602 1438 1651 tam
1475 1598 1670 1651 fortem
1710 1597 1848 1650 sicut

134 1685 181 1716 20
203 1670 405 1724 Hector
452 1672 568 1723 fuit.
654 1671 938 1724 Diomedes
986 1676 1040 1724 et
1085 1671 1269 1725 Ulixes
1329 1673 1501 1725 dicere
1559 1673 1848 1740 coeperunt

205 1744 447 1797 Troilum
493 1763 605 1798 non
650 1746 828 1798 minus
876 1765 1036 1816 quam
1075 1746 1362 1799 Hectorem
1400 1747 1573 1798 virum
1621 1743 1846 1797 fortissi-

205 1837 353 1870 mum
408 1836 537 1871 esse.
637 1817 886 1871 Diomedi
948 1823 1002 1871 et
1053 1819 1199 1872 Ulixi
1257 1819 1531 1872 Menelaus
1593 1818 1846 1871 resistens

205 1892 406 1944 bellum
445 1892 558 1962 geri
599 1893 870 1946 suadebat.
946 1892 1168 1946 Calchas
1209 1911 1272 1945 ex
1312 1893 1534 1962 augurio
1573 1891 1850 1960 respondit

207 1965 396 2017 debere
451 1983 692 2035 pugnare
754 1984 854 2019 1100
905 1961 1074 2019 vereri
1137 1967 1278 2036 quod
1337 1966 1496 2019 modo
1551 1964 1848 2033 superiores

140 2054 185 2085 25
211 2039 430 2091 Troiani
468 2039 681 2092 fuerint.
1344 2058 1353 2063 ⁸

326 2279 348 2317 1
382 2274 500 2317 fiunt
523 2274 645 2327 libri,
670 2275 778 2318 sunt
804 2274 1058 2318 Mercerius
1135 2278 1159 2316 2
1185 2275 1302 2317 nest.
1327 2274 1388 2317 ul.
1415 2274 1553 2318 diom.
1579 2273 1636 2318 G·
1726 2277 1752 2316 3
1778 2285 1850 2316 ro·

206 2334 373 2390 gat-ent
397 2333 440 2376 G
467 2336 472 2388 Ι
499 2333 632 2390 prod.
657 2332 708 2376 in
729 2333 773 2377 b.
801 2332 844 2377 G
870 2336 874 2387 l
904 2333 1110 2390 abnegat
1133 2345 1216 2376 om.
1240 2332 1284 2374 L
1404 2338 1430 2377 5
1463 2332 1607 2390 quod]
1635 2332 1746 2388 quia
1769 2329 1813 2374 G

206 2406 253 2435 se
286 2405 367 2435 om.
408 2391 452 2434 L
581 2397 604 2435 7
647 2405 725 2435 eos
763 2392 884 2436 male
918 2391 961 2435 G
995 2391 1000 2448 Ι
1037 2391 1096 2435 ad
1133 2405 1181 2436 se
1220 2390 1263 2435 G
1389 2396 1416 2436 8
1456 2391 1614 2435 dicens
1652 2404 1735 2434 om.
1768 2389 1812 2431 L

204 2464 333 2507 perp.
374 2466 419 2507 p.
461 2450 504 2494 d.
544 2450 576 2494 f.
621 2449 664 2495 G
698 2452 702 2504 Ι
739 2450 1203 2507 paoem—desidere
1243 2463 1326 2494 om.
1366 2450 1410 2492 L
1555 2455 1609 2494 10
1662 2461 1849 2506 pugnae

204 2510 444 2553 renuntiat
489 2509 532 2553 G
675 2515 727 2552 11
770 2510 892 2566 cum]
936 2509 994 2552 ab
1034 2509 1077 2551 L
1220 2514 1272 2552 13
1323 2507 1567 2552 consilium
1614 2521 1715 2564 sup.
1767 2507 1849 2550 lin.

206 2568 311 2611 add.
351 2568 394 2610 L
428 2570 433 2623 Ι
470 2569 697 2612 conuocat
737 2567 780 2612 G
816 2570 821 2622 l
857 2581 978 2612 cons.
1021 2567 1134 2623 quid
1175 2567 1207 2611 f.
1248 2567 1292 2610 d.
1333 2567 1375 2611 G
1410 2569 1416 2622 Ι
1450 2567 1589 2610 debet
1626 2567 1670 2609 L
1795 2570 1851 2609 14

207 2625 320 2682 quid
352 2626 426 2670 0111
451 2626 494 2670 G
616 2631 668 2671 15
701 2629 755 2671 ut
784 2628 943 2683 pocius
968 2626 1196 2670 exercitus
1228 2625 1278 2669 in
1308 2640 1352 2681 p.
1377 2618 1607 2681 prodeant
1631 2625 1675 2670 G
1795 2628 1849 2668 17

207 2684 289 2728 sed
326 2687 487 2729 tamen
528 2699 650 2742 pers.
690 2699 737 2729 se
776 2687 830 2729 ut
866 2686 910 2728 L
943 2687 948 2738 Ι
983 2685 1112 2742 prod.
1157 2684 1207 2727 in
1244 2684 1288 2727 b.
1330 2684 1373 2728 G
1510 2689 1564 2729 18
1606 2697 1765 2728 uerere
1806 2682 1851 2726 L

209 2748 261 2786 19
295 2744 442 2787 alium
466 2757 550 2788 om.
578 2744 620 2788 G
647 2746 652 2799 i
680 2746 780 2788 tam
804 2757 887 2788 om.
911 2744 954 2787 L
1075 2748 1131 2787 20
1162 2745 1210 2787 et
1233 2755 1316 2787 om.
1348 2742 1391 2787 G
1513 2747 1568 2786 22
1601 2742 1849 2787 Diomedes

205 2802 253 2844 et
277 2802 438 2858 ulyxes
463 2803 675 2847 menelao
699 2803 967 2847 resistentes
984 2801 1159 2846 bellum
1185 2801 1285 2859 geri
1309 2801 1622 2858 prohibebant
1645 2801 1689 2846 G
1792 2806 1851 2845 24

206 2873 291 2903 nec
322 2861 473 2905 vereri
504 2874 587 2905 om.
620 2861 664 2904 L
690 2863 695 2917 Ι
725 2862 850 2917 quod
866 2887 922 2894 -—
939 2861 1113 2905 fuerint
1139 2861 1407 2904 Mercerius.
1455 2860 1580 2916 quod
1611 2860 1852 2917 superiora

205 2918 379 2962 troiani
410 2919 589 2963 faciunt
620 2919 663 2963 L
724 2920 974 2965 dummodo
1008 2919 1125 2963 fiant
1155 2921 1214 2963 tr.
1247 2918 1506 2976 superiores
1540 2918 1595 2963 G.
