1956 3178
529 126 717 168 BELLI
747 124 1004 168 TROIANI
1035 124 1150 166 LIB.
1183 124 1244 166 11.
1624 122 1691 176 31

76 253 157 306 uti
204 252 348 305 facta
396 254 652 323 gestaque
700 267 885 304 eorum
931 250 1047 303 laus
1084 251 1291 319 potius,
1331 267 1491 319 quam
1539 249 1697 317 culpa

76 325 402 392 sequeretur.
467 328 521 375 et
558 325 619 375 ut
654 321 944 390 praeterita
980 339 1012 374 a
1036 339 1121 373 me
1160 319 1406 374 consulta
1432 320 1694 387 omittam,

74 393 178 447 hoc
215 393 321 447 iam
360 393 486 446 licet
521 410 578 445 re
603 409 942 462 cognoscere.
1006 391 1219 444 iniuriis
1245 390 1694 460 contumeliisque

78 464 369 517 Alexandri
405 463 567 533 paulo
605 466 730 515 ante
766 462 912 515 laesa
947 461 1172 515 Graecia
1208 480 1319 515 non
1357 462 1424 515 ad
1459 462 1567 514 vim
1605 479 1695 513 ne-

77 553 180 605 que
217 534 283 588 ad
310 552 458 587 arma
483 533 762 586 decursum
788 536 882 601 est,
910 533 1054 602 quod
1090 533 1395 586 iracundiae
1421 532 1693 603 refugium
1718 548 1739 581 5

75 623 188 659 esse
227 605 378 658 solet.
441 622 567 657 nam
606 603 668 656 de
705 604 918 657 consilii
957 604 1225 657 sententia
1261 604 1426 674 legati
1463 603 1530 656 ad
1566 603 1697 656 reci-

74 674 325 746 piendam
350 674 630 743 Helenam,
657 679 719 727 ut
742 675 1078 744 meministiS‚
1115 692 1237 727 cum
1263 674 1510 728 Menelao
1550 674 1695 726 veni-

71 764 217 799 mus:
278 746 472 815 quibus
529 748 743 815 praeter
790 763 850 798 su
893 746 1044 798 erbas
1091 746 1378 798 verborum
1426 745 1600 798 minas
1643 748 1697 797 et

75 815 295 870 insidias
334 816 569 870 occultas
606 815 745 868 nihil
784 835 816 868 a
886 816 1055 869 riamo
1093 834 1268 886 neque
1296 817 1363 868 ab
1390 817 1503 868 eius
1541 831 1695 885 regu-

73 887 140 941 lis
189 887 472 940 remissum
519 890 613 940 est.
687 887 986 956 inperfecta
1032 887 1199 956 igitur
1245 905 1329 956 re,
1385 890 1447 939 ut
1484 887 1693 955 opinor,
1721 902 1760 934 10

75 975 408 1028 consequens
446 958 552 1011 fuit
596 977 745 1011 arma
782 976 971 1027 capere
1008 957 1199 1027 hisque
1243 975 1340 1027 per
1377 958 1487 1010 vim
1523 960 1695 1010 extor-

78 1046 267 1100 quere,
316 1028 461 1098 quod
507 1029 674 1082 amice
711 1029 991 1098 impetrari
1020 1028 1302 1098 nequitum
1343 1032 1438 1082 est.
1513 1029 1694 1097 itaque

74 1103 262 1168 parato
291 1099 526 1152 exercitu
564 1101 624 1152 ac
663 1103 746 1152 tot
771 1100 1001 1170 egregiis
1037 1103 1197 1168 atque
1236 1099 1435 1152 inclitis
1472 1099 1695 1152 ducibus

73 1187 142 1223 ne
192 1170 268 1223 sic
318 1169 534 1239 quidem
570 1170 836 1239 proelium
883 1169 1163 1223 adversum
1201 1188 1298 1223 vos
1348 1170 1484 1222 inire
1523 1169 1695 1222 consi-

74 1241 207 1293 lium
244 1241 376 1293 fuit:
417 1240 508 1294 sed
545 1241 740 1294 imitati
777 1259 981 1294 morem
1018 1240 1441 1310 modestiamque
1479 1240 1694 1293 solitam
1719 1256 1760 1288 15

71 1312 266 1364 iterato
305 1310 372 1364 ad
408 1329 504 1364 vos
542 1312 610 1364 ob
650 1312 871 1364 eandem
910 1330 1122 1364 causam
1169 1314 1380 1364 oratum
1427 1311 1690 1364 venimus

74 1386 251 1435 cetera
296 1382 353 1434 in
390 1399 553 1434 manu
592 1385 768 1435 vestra
805 1382 907 1435 sita
943 1385 1084 1451 sunt,
1111 1381 1358 1435 Troiani:
1397 1399 1571 1451 neque
1598 1399 1693 1434 vos

113 1452 283 1523 igebit
329 1453 661 1506 consensisse
707 1453 891 1522 nobiS‚
939 1453 984 1506 si
1030 1453 1190 1506 modo
1240 1471 1370 1506 sana
1406 1471 1557 1506 mens
1596 1456 1691 1520 est,

107 1523 295 1576 scretis
345 1523 646 1576 salubribus
693 1524 875 1592 priora
929 1524 1067 1576 male
1115 1523 1362 1577 consulta
1407 1524 1691 1593 corrigere.

71 1593 244 1646 ΧΧΠ.
307 1593 411 1646 Per
459 1593 584 1647 deos
635 1594 974 1663 inmortaleS‚
1035 1597 1278 1663 reputate
1327 1612 1448 1647 cum
1498 1594 1694 1647 animis
1717 1610 1760 1643 20

71 1664 290 1731 vestrm,
339 1667 542 1733 quanta
587 1664 760 1717 clades
821 1668 875 1717 et
932 1665 1100 1718 veluti
1157 1666 1409 1735 contagio
1473 1665 1694 1718 huiusce

75 1734 304 1804 exempli
342 1734 526 1787 orbem
563 1738 827 1788 terrarum
866 1739 1190 1804 occupatura
1227 1736 1312 1788 sit.
1389 1736 1508 1805 quis
1548 1736 1693 1788 enim

111 1804 316 1874 osthac‚
343 1805 429 1858 cui
453 1805 608 1858 virile
633 1807 915 1876 negotium
941 1810 1036 1875 est,
1067 1807 1373 1859 recordatus
1398 1806 1693 1859 Alexandri

94 1876 279 1928 acinus
307 1893 421 1928 non
446 1877 629 1929 omnia
665 1880 911 1946 suspecta
937 1880 1097 1946 atque
1134 1877 1392 1930 insidiosa
1428 1879 1494 1930 ab
1521 1877 1693 1930 amico

71 1949 308 1999 metuere
335 1947 597 2016 cogetur?
635 1950 729 2000 aut
766 1948 885 2017 quis
922 1948 1088 2000 frater
1123 1948 1279 2000 fratri
1317 1948 1520 2000 aditum
1546 1950 1691 2016 pate·
1715 1963 1759 1996 25

70 2015 271 2070 faciet?
329 2023 445 2086 quis
482 2017 748 2087 hospitem
797 2022 891 2071 aut
927 2021 1215 2088 cognatum
1270 2035 1382 2070 non
1418 2021 1693 2087 tamquam

70 2087 282 2140 hostem
320 2087 570 2140 cavebit?
633 2087 861 2157 denique
909 2089 954 2140 si
991 2089 1146 2157 haec,
1197 2089 1341 2156 quod
1378 2106 1478 2142 non
1517 2106 1691 2158 spem,

80 2157 384 2227 probaritiS,
424 2159 606 2211 omnia
641 2158 871 2211 foederis
908 2159 1025 2212 iura
1061 2177 1121 2212 ac
1146 2159 1361 2228 pietatis
1399 2159 1540 2228 apud
1576 2160 1694 2212 bar-

185 2358 210 2397 2
249 2369 276 2396 a
316 2354 407 2410 me]
450 2357 567 2398 bene
610 2358 696 2398 PV
823 2361 849 2400 3
889 2359 1025 2399 licere
1066 2373 1103 2403 c.
1146 2359 1225 2400 GB
1291 2361 1390 2399 lieet
1426 2372 1476 2400 re
1514 2372 1607 2412 0⁰9·
1654 2359 1698 2398 V

73 2414 123 2453 11
163 2412 326 2466 iusque
353 2413 397 2453 V
476 2414 527 2453 12
548 2414 794 2467 impetrare
819 2414 898 2456 GB
939 2416 1190 2469 impetrari.
1212 2422 1258 2456 ut
1279 2416 1528 2456 Perizonius
1547 2421 1693 2467 postu-

73 2472 241 2509 lauerat
271 2469 314 2508 P
417 2471 469 2510 17
501 2482 649 2523 neque
681 2483 763 2512 nos
797 2471 832 2513 G
890 2484 1033 2526 neque
1065 2484 1150 2513 uos
1179 2471 1261 2511 PB
1379 2473 1432 2513 18
1453 2472 1586 2512 uobis
1614 2471 1695 2512 GB

70 2537 184 2566 corr.
233 2525 511 2567 Dederickus.
541 2525 678 2578 ΙΓονί.
727 2540 782 2567 ac
829 2528 869 2567 si
1024 2530 1079 2569 20
1127 2541 1221 2580 rep.
1267 2540 1367 2567 cum
1415 2541 1489 2573 an.
1539 2542 1614 2569 om.
1657 2528 1693 2568 G

73 2593 108 2622 r.
143 2594 181 2622 c.
215 2594 256 2622 a.
288 2582 458 2623 uestris
487 2595 566 2623 om.
598 2583 640 2623 B
670 2583 795 2624 lzabet
827 2585 916 2624 PV
1025 2586 1076 2625 21
1111 2583 1269 2625 clades
1309 2588 1354 2624 et
1392 2584 1511 2636 libri,
1554 2586 1693 2625 Duce-

70 2638 139 2678 rt‘a
187 2650 290 2690 exp.
338 2642 384 2679 et
440 2641 533 2680 sine
581 2641 694 2680 iusta
743 2653 874 2681 causa
926 2641 934 2690 Ι
988 2640 1122 2682 huius
1164 2639 1223 2681 θ’
1396 2642 1451 2682 22
1491 2641 1580 2682 erit
1613 2640 1693 2682 GB

72 2693 192 2734 enim
230 2694 268 2734 V
373 2695 427 2736 23
457 2694 590 2736 uirile
621 2696 860 2750 ingenium
895 2697 978 2738 VP
1069 2698 1124 2739 25
1156 2696 1307 2737 fratri³
1342 2696 1378 2738 G
1470 2698 1524 2738 26
1557 2709 1692 2750 quem

70 2748 182 2802 libri,
215 2750 296 2790 iam
326 2749 480 2791 dudum
509 2764 624 2793 corr.
646 2754 729 2793 nisi
753 2753 872 2805 forte
891 2756 1112 2794 statuimus
1132 2753 1264 2794 uerba
1314 2754 1695 2806 quem—cauebit

70 2807 321 2848 collocanda
358 2818 453 2847 esee
482 2819 527 2848 u.
559 2809 615 2849 22
643 2814 745 2862 post
776 2813 966 2862 cogetur
1081 2810 1136 2850 27
1169 2808 1287 2863 quod
1318 2821 1453 2863 spero
1488 2809 1568 2850 ΟΒ
1598 2811 1694 2850 ueri

69 2862 244 2958 {mmm
275 2868 339 2944 esf
369 2864 584 2906 excidisse
643 2877 748 2918 non,
781 2879 902 2920 quam
933 2867 1047 2920 quod
1076 2867 1178 2907 add.
1217 2865 1259 2906 V
1291 2865 1413 2907 haud
1503 2868 1557 2909 28
1589 2879 1692 2919 pro-

105 2918 238 2960 aritis
269 2921 305 2963 G
336 2950 347 2961 .
