1956 3178
541 123 728 166 BELLI
756 123 1007 166 TROIANI
1036 124 1720 177 LIB.V1.107

36 251 259 330 flssgesta
295 252 471 317 erant,
511 266 573 302 co
653 249 811 329 oscit,
849 249 1069 302 meritos
1113 249 1268 302 donis
1314 251 1407 302 aut
1444 249 1721 318 suppliciis

6 328 63 391 ῂκ
59 314 293 374 afficit.
345 319 408 372 de
434 319 579 372 Pene
602 337 707 388 opa
732 319 950 388 eiusque
974 319 1236 388 pudicitia
1259 319 1537 388 praeclara
1560 319 1718 372 fama.

6 395 8 398 ’
41 391 71 456 22
106 407 281 471 neque
319 389 490 443 multo
527 393 652 459 post
685 389 933 459 precibus
971 393 1131 459 atque
1169 391 1389 443 hortatu
1427 389 1603 443 Ulixis
1629 390 1722 443 Al-

7 462 68 532 ,ζῇ
105 460 251 514 cinoi
304 460 416 513 filia
459 459 512 513 N
515 477 694 512 ausica
737 459 1055 513 Telemacho
1114 460 1352 513 denubit.
1437 479 1534 530 per
1579 461 1722 513 idem

49 543 66 554 ”
103 534 318 600 tempus
353 530 670 584 Idomeneus
715 529 822 582 dux
854 534 1038 583 noster
1074 531 1216 599 apud
1253 530 1468 584 Cretam
1515 531 1723 585 interiit
1744 547 1765 580 5

0 600 2 656 ἒ
44 613 59 651 ’·.
106 601 306 654 tradito
344 619 441 670 per
485 601 875 654 successionem
912 601 1145 654 Merioni
1191 618 1388 671 regno:
1438 605 1491 654 et
1528 601 1723 655 Laerta

44 688 47 689 ’
106 671 343 724 triennio
380 673 506 740 post
543 689 702 740 quam
739 671 881 724 filius
920 671 1136 725 domum
1175 672 1541 739 red1t‚.finem
1579 672 1721 725 vitae

106 741 251 795 fecit.
326 741 646 794 Telemacho
693 759 757 794 ex
794 741 847 795 N
850 743 1029 795 ausica
1072 745 1261 795 natum
1316 742 1487 794 filium
1537 741 1723 795 Ulixes

106 810 252 866 Ptoli
292 803 508 864 orthum
544 831 611 881 ap
614 812 795 881 pellat.

51 915 58 924 -
302 882 372 936 II.
446 831 611 935 Dump
614 831 767 935 phaec
823 902 889 952 ap
892 882 965 935 ud
1009 882 1252 936 Ithacam
1308 886 1568 952 aguntur,
1616 882 1723 935 Ne·
1747 900 1788 931 10

35 1003 45 1010 .
108 953 410 1007 otolemus
448 953 589 1022 apud
623 902 889 1006 Molossos
925 971 1088 1006 naves
1126 957 1401 1023 quassatas
1439 956 1725 1022 tempesta-

33 1028 40 1030 ”
55 1023 152 1077 ti
191 1042 252 1076 us
298 1023 494 1076 reficit:
556 1027 716 1093 atque
768 1024 918 1092 inde,
978 1027 1263 1093 postquam
1322 1025 1599 1105 cognitum
1656 1024 1724 1104 ab

107 1095 307 1147 Acasto
346 1094 626 1162 expulsum
662 1112 830 1165 regno
857 1095 1034 1163 Pelea,
1072 1095 1246 1147 ultum
1283 1095 1349 1146 iri
1387 1094 1611 1146 iniurias
1637 1094 1724 1146 avi

29 1135 69 1215 {-
108 1164 330 1234 cupiens
376 1165 551 1234 primo
598 1165 932 1233 exploratum
979 1165 1110 1218 duos
1149 1183 1309 1234 quam
1346 1164 1631 1217 fidissimos
1671 1167 1724 1217 et

108 1235 752 1359 &iffffiiaiffshffls
776 1234 1021 1374 ρῖξξζὲῳ
1023 1254 1059 1304 p
1062 1254 1169 1358 ¹1²1ss
1201 1235 1533 1358 θὲἒέἓὶἳῖῖ
1543 1235 1723 1374 Τᾷῖῗ
1746 1250 1787 1284 ¹⁵

49 1375 329 1445 diasque
373 1377 421 1428 ei
465 1324 678 1445 parataqs
732 1395 829 1445 per
867 1324 1122 1457 Acastgm
1184 1323 1250 1428 αἱ
1288 1375 1563 1428 Assandro
1612 1394 1725 1428 non

50 1446 286 1500 alieno
342 1446 491 1500 Pelei
561 1451 909 1528 cognoscunt.
1019 1447 1065 1499 is
1129 1465 1360 1515 namque
1421 1446 1724 1498 Assandrus

110 1517 453 1586 iniquitatem
524 1518 742 1586 tyranni
822 1519 1056 1586 evitanS,
1150 1517 1310 1570 Peleo
1383 1520 1726 1569 consenserat

107 1590 378 1656 notusque
434 1587 565 1640 adeo
626 1588 739 1640 eius
788 1588 1002 1656 domUS,
1069 1587 1150 1639 uti
1209 1588 1350 1640 inter
1400 1591 1576 1640 cetera
1622 1587 1725 1640 ori·
1746 1601 1790 1636 20

109 1658 294 1739 ginem
350 1658 511 1710 etiam
557 1659 867 1727 nuptiarum
922 1658 1070 1711 Pelei
1130 1676 1250 1710 cum
1309 1657 1534 1710 Thetide
1602 1657 1725 1711 Chi-

108 1727 260 1781 ronis
305 1728 418 1781 filia
463 1727 762 1798 Chrysippo
809 1733 968 1798 atque
1016 1731 1185 1781 Arato
1230 1729 1543 1781 narraverit.
1620 1746 1725 1797 qua

109 1801 427 1868 tempestate
464 1799 621 1852 multi
647 1799 883 1869 undique
922 1817 1073 1870 reges
1111 1799 1268 1852 acciti
1294 1800 1512 1851 domum
1538 1797 1725 1852 Chiro-

110 1869 197 1922 nis
242 1869 384 1923 inter
434 1869 575 1939 ipsas
623 1870 806 1939 epulas
855 1889 1055 1924 novam
1101 1873 1326 1938 nuptam
1363 1869 1574 1939 magnis
1611 1869 1723 1921 lau-

113 1938 268 1992 dibus
327 1940 495 1993 veluti
570 1941 720 1993 deam
783 1941 1208 2007 celebraverant,
1270 1943 1548 2008 parentem
1609 1939 1722 1992 eius
1745 1953 1788 1986 25

111 2009 352 2091 Chirona
395 2011 728 2080 appellantes
773 2011 951 2064 Nerea
1006 2012 1283 2091 ipsamque
1320 2009 1373 2062 N
1376 2009 1633 2061 ereldam
1674 2012 1727 2062 et

111 2083 176 2133 ut
211 2081 436 2151 quisque
473 2099 658 2134 eorum
695 2099 899 2162 regum,
938 2082 1031 2151 qui
1067 2080 1315 2133 convivio
1355 2080 1725 2148 interfuerant,

113 2150 279 2204 choro
316 2151 652 2220 modulisque
691 2152 989 2204 carminum
1025 2151 1410 2220 praevaluerat,
1450 2151 1526 2203 ita
1560 2150 1727 2219 Apol-

113 2221 281 2273 linem
305 2221 680 2291 Liberumque,
708 2241 773 2275 ex
798 2223 1013 2275 feminis
1038 2221 1296 2311 plurimas
1323 2220 1503 2273 Musas
1529 2239 1590 2273 co
1673 2238 1727 2273 o-

112 2291 478 2344 minaverant.
537 2264 680 2345 unde²
733 2293 800 2346 ad
853 2293 907 2346 id
961 2296 1215 2362 tempus
1224 2292 1531 2345 convivium
1590 2291 1609 2342 i
1632 2290 1726 2343 lud
1748 2305 1790 2337 3ο

115 2361 337 2414 deorum
374 2362 718 2431 appellatum

257 2431 670 2503 VIII.1taque
719 2434 811 2487 ubi
857 2437 1074 2502 cuncta,
1123 2451 1259 2502 quae
1298 2432 1603 2498 voluerant,
1642 2447 1728 2483 co-

55 2518 377 2572 gnovere,
417 2502 484 2555 ad
519 2521 701 2574 regem
738 2504 964 2557 redeunt
1000 2507 1055 2557 et
1101 2503 1315 2573 singula
1351 2519 1447 2570 per
1485 2472 1728 2554 ordinem

117 2577 356 2626 narrant.
420 2574 489 2626 ob
527 2592 662 2655 quae
689 2579 901 2629 coactus
926 2574 1314 2643 Neoptolemus
1344 2571 1566 2625 adverso
1592 2571 1728 2624 mari

116 2645 173 2695 et
207 2643 391 2697 multis
427 2645 664 2714 regionis
702 2647 815 2699 eius
851 2645 1263 2715 prohibentibus
1311 2642 1533 2695 classem
1578 2660 1727 2695 exor-
1750 2655 1792 2690 ³⁵

233 2859 284 2898 13
316 2857 384 2897 ire
415 2857 505 2897 PV
618 2860 669 2900 19
703 2859 887 2900 euitans
919 2857 978 2899 ad
1011 2870 1167 2911 agrum
1199 2855 1330 2897 Pelei
1364 2859 1660 2897 concesserat
1691 2854 1734 2895 P

117 2911 173 2952 29
204 2915 585 2967 eogminauerunt
617 2914 667 2956 G.

19 2030 61 3003 WWW*
21 1891 58 2018 war
21 1829 50 1879 tw.
21 1152 68 1818 rma-mmmmm
