1956 3178
575 129 762 172 BELLI
792 128 1047 171 TROIANI
1075 127 1192 174 LIB.
1225 129 1303 173 IV.
1676 128 1746 183 85

132 271 399 308 summum
446 253 570 306 fidei
617 253 1130 323 benevolentiaeque
1178 271 1306 324 erga
1343 253 1623 307 Graeciam
1669 257 1745 307 te-

134 324 448 378 stimonium
493 324 639 394 capit
691 324 1027 393 maximeque
1075 343 1107 377 a
1141 323 1399 394 Nestore,
1453 325 1598 395 quod
1635 324 1745 378 Me-

133 395 350 448 nelaum
396 395 605 448 insidiis
636 394 993 448 Troianorum
1041 396 1340 464 appetitum
1384 395 1609 450 consilio
1648 414 1744 450 suo

133 469 294 535 atque
349 466 548 519 auxilio
595 466 831 519 filiorum
886 466 1202 518 servaverit:
1261 485 1359 535 pro
1410 467 1529 536 quis
1585 466 1748 520 Troia

133 554 317 590 eversa
350 537 521 589 multa
556 536 830 605 praeclara
865 536 1109 605 polliceri
1156 537 1485 607 hortarique,
1524 538 1606 590 uti
1632 537 1743 608 dig·
1766 552 1787 584 5

129 625 262 660 num
306 607 566 660 memoria
612 625 710 676 pro
758 607 942 660 amicis
990 608 1271 660 adversum
1315 608 1546 677 perfidos
1593 609 1745 662 moli-

129 683 292 730 retur.
365 681 496 730 tunc
531 678 751 748 longam
791 696 1009 731 exorsus
1047 680 1347 732 orationem
1385 697 1610 748 semper,
1649 679 1743 748 ait,

62 780 67 787 ·
128 748 400 818 principes
445 748 638 802 Troiae
683 767 914 818 poenam
962 750 1030 802 ob
1077 750 1216 802 male
1263 750 1509 803 consulta
1554 749 1746 802 divini-

127 822 216 872 tus
255 819 524 888 consequi.
590 819 713 872 dein
750 820 1030 890 subiungit
1055 820 1437 874 Laomedontis
1463 821 1746 873 adversum

129 889 418 943 Herculem
454 890 661 944 famosa
696 891 932 959 periuria
976 891 1380 961 insecutamque
1429 891 1542 944 eius
1588 891 1743 962 regni
1767 906 1807 938 10

131 961 487 1014 eversionem:
536 980 643 1031 qua
687 965 1003 1031 tempestate
1050 961 1297 1015 Priamus
1352 962 1609 1031 parvulus
1659 962 1746 1014 ad-

130 1031 350 1085 modum
405 1035 564 1101 atque
621 1050 807 1101 expers
867 1033 1133 1101 omnium,
1191 1052 1327 1102 quae
1376 1036 1528 1103 gesta
1576 1038 1744 1102 erant,

130 1102 305 1172 petitu
330 1101 600 1155 Hesionae
627 1121 795 1173 regno
834 1104 1115 1172 impositus
1154 1108 1248 1157 est.
1315 1122 1436 1156 eum
1461 1104 1600 1156 male
1638 1104 1746 1156 iam

130 1171 255 1225 inde
302 1172 654 1242 desipientem
692 1177 911 1227 cunctos
950 1174 1212 1244 sanguine
1251 1178 1304 1228 et
1348 1175 1559 1227 iniuriis
1606 1175 1743 1228 inse-

131 1244 265 1296 ctari
321 1244 564 1312 solitum,
629 1263 850 1313 parcum
905 1245 963 1297 in
1019 1263 1115 1298 suo
1177 1248 1337 1314 atque
1399 1248 1742 1314 appetentem
1767 1260 1808 1293 15

131 1314 319 1383 alieni,
368 1332 474 1383 quo
514 1316 758 1384 exemplo
806 1316 972 1368 veluti
1008 1316 1241 1384 pessima
1288 1317 1612 1386 contagione
1650 1317 1745 1368 im-

131 1385 290 1438 butos
334 1385 475 1438 filios
523 1386 635 1438 eius
683 1404 858 1455 neque
908 1404 1058 1439 sacro
1096 1405 1270 1455 neque
1314 1387 1545 1456 profano
1585 1388 1744 1440 absti-

129 1455 325 1508 nuisse.
422 1458 656 1508 ceterum
712 1475 766 1509 se
823 1457 1007 1510 eadem
1062 1458 1252 1527 stirpe,
1309 1476 1415 1527 qua
1469 1458 1744 1510 Priamum

132 1525 348 1579 Graecis
386 1526 756 1594 coniunctum,
805 1528 984 1580 animo
1024 1546 1233 1597 semper
1280 1530 1346 1580 ab
1385 1547 1447 1582 eo
1488 1528 1742 1581 discerni:

130 1596 427 1649 Hesionam
475 1598 673 1666 quippe
719 1597 895 1650 Danai
945 1599 1111 1651 filiam
1158 1599 1428 1652 Electram
1477 1600 1742 1668 genuisse,
1766 1615 1807 1648 20

133 1686 197 1720 ex
245 1686 350 1736 qua
388 1671 564 1720 ortum
602 1667 938 1737 Dardanum,
978 1676 1067 1734 qui
1101 1669 1358 1723 Olizonae
1395 1670 1592 1723 Phinei
1628 1671 1745 1722 iun-

133 1741 249 1791 ctus
294 1738 712 1791 Erichthonium
749 1739 993 1809 ediderit,
1045 1741 1158 1793 eius
1197 1740 1330 1794 Tros
1341 1784 1355 1810 ,
1406 1740 1530 1794 dein
1578 1759 1641 1794 ex
1681 1759 1743 1794 eo

128 1807 240 1861 Ilus
294 1809 629 1878 Ganymedes
678 1813 731 1863 et
779 1809 1130 1880 Cleomestra,
1179 1830 1242 1864 ex
1282 1810 1611 1866 Cleomestra
1647 1812 1747 1865 As-

130 1897 366 1948 saracuS,
405 1883 565 1949 atque
613 1898 677 1932 ex
725 1899 787 1934 eo
828 1880 1002 1950 Capys
1050 1882 1321 1935 Anchisae
1359 1886 1530 1951 pater.
1603 1883 1746 1935 llum

55 2017 58 2020 Δ
130 1948 255 2003 dein
291 1949 587 2004 Tithonum
626 1954 679 2004 et
714 1951 1136 2005 Laomedontem
1183 1953 1458 2023 genuisse,
1509 1971 1573 2005 ex
1610 1953 1745 2006 Lao·
1767 1969 1810 2002 25

127 2019 378 2074 medonte
434 2021 787 2075 Hicetaonem
846 2023 1081 2091 Clytium
1126 2023 1390 2093 Lampum
1446 2024 1747 2077 Timoetem

130 2090 484 2145 Bucolionem
542 2095 701 2161 atque
748 2092 1023 2145 Priamum
1080 2094 1293 2163 genitos
1341 2112 1630 2163 rursusque
1681 2113 1745 2147 ex

132 2160 461 2215 Cleomestra
507 2166 560 2214 et
607 2167 826 2230 Aesyete
876 2182 930 2216 se
977 2165 1237 2234 genitum.
1323 2168 1559 2218 ceterum
1597 2165 1746 2218 Pria-

132 2250 277 2284 mum
317 2236 510 2285 cuncta
547 2233 665 2285 iura
701 2234 992 2287 adfinitatis
1026 2236 1429 2304 proculcantem
1474 2236 1646 2306 magis
1686 2235 1745 2288 in

132 2321 256 2356 suos
294 2303 598 2372 superbiam
635 2307 794 2373 atque
844 2306 1025 2358 odium
1069 2307 1381 2359 exercuisse.
1455 2310 1744 2375 postquam
1767 2323 1809 2356 30

129 2373 293 2426 finem
329 2374 586 2442 loquendi
622 2374 773 2443 fecit,
812 2376 1065 2445 postulat,
1104 2378 1200 2446 uti,
1247 2379 1503 2446 quoniam
1539 2396 1572 2429 a
1609 2377 1746 2430 seni-

129 2443 229 2496 bus
267 2444 476 2515 legatus
500 2446 647 2514 pacis
671 2447 863 2499 missus
891 2451 1043 2516 esset,
1071 2447 1261 2500 darent
1286 2448 1348 2501 de
1379 2466 1474 2500 suo
1501 2465 1743 2516 numer0,

242 2590 271 2629 4
302 2602 372 2631 eu,
406 2602 447 2643 p.
483 2601 525 2642 q.
557 2589 631 2630 Tr.
666 2589 744 2631 ΕΒ
803 2604 844 2643 p.
878 2604 920 2644 q.
955 2591 1029 2632 Tr.
1066 2605 1134 2633 eu.
1167 2592 1255 2631 PV
1370 2592 1421 2632 15
1452 2604 1641 2644 prauum
1672 2592 1744 2632 in-

134 2647 314 2685 suetum
345 2645 454 2692 libri,
485 2659 600 2687 corr.
632 2646 683 2687 V.
707 2647 1029 2688 Hildebrandus
1051 2662 1132 2689 non
1154 2651 1259 2688 male
1283 2647 1416 2700 praui
1437 2661 1523 2688 nec
1554 2649 1623 2689 uel
1652 2661 1746 2688 non

134 2701 368 2741 insuetum
482 2703 534 2742 21
569 2715 656 2755 quo
690 2703 768 2743 ΕΒ
795 2702 800 2756 Ι
829 2705 905 2756 qui
935 2706 1086 2745 addidi
1109 2703 1116 2757 Ι
1144 2705 1317 2745 obzone
1352 2703 1429 2745 ΕΒ
1460 2706 1516 2756 cf.
1551 2717 1593 2758 p.
1625 2705 1694 2756 55,
1718 2705 1746 2744 8

134 2754 279 2809 {finci
320 2757 397 2798 ΕΒ
432 2756 439 2812 1
472 2758 653 2799 iunctos
695 2759 774 2800 ΕΒ
838 2761 1024 2801 iunctus
1071 2761 1112 2800 V
1254 2762 1308 2800 22
1355 2761 1670 2802 erecthonium
1712 2760 1748 2801 Ε

133 2813 290 2855 ericth.
331 2814 372 2854 B
406 2813 413 2867 Ι
450 2814 493 2855 ei
530 2815 709 2856 dederit
751 2815 829 2857 ΕΒ
891 2816 1085 2857 ediderit
1130 2816 1360 2858 Obrechtus
1504 2819 1558 2858 23
1604 2829 1747 2870 gany-

132 2868 278 2910 medis
311 2870 347 2911 Ε
478 2872 532 2912 25
563 2871 720 2913 Laom.
753 2885 857 2924 gen.
893 2887 947 2914 ex
978 2887 1054 2914 om.
1090 2874 1124 2914 Ε
1183 2886 1287 2926 gen.
1321 2886 1376 2914 ex
1407 2874 1564 2914 Laom.
1597 2887 1673 2914 om.
1706 2872 1748 2912 B

133 2926 257 2967 addit
286 2927 378 2967 PV
490 2929 545 2969 28
586 2932 713 2970 soete
748 2928 840 2979 ΕΒ,
873 2928 1071 2981 Aesyete
1103 2932 1290 2971 restituit
1319 2929 1559 2971 Mereerus.
