1956 3178
217 152 319 191 xm
831 134 1253 179 PRAEFATIO.

226 255 464 308 extitisse
509 253 805 322 crederent,
855 257 1044 307 contra
1082 254 1384 323 Artopoeus
1423 255 1479 306 in
1525 254 1869 309 Praefatione

222 329 472 382 editionis
531 345 657 379 suae
711 327 1061 397 Argentorati
1119 329 1255 381 1691
1320 328 1601 381 historiam
1654 328 1870 382 Daretis

222 402 531 471 periocham
572 401 823 453 carminis
856 401 1074 470 Iosephi
1109 401 1286 454 Iscani
1326 420 1441 454 esse
1481 404 1682 454 censet:
1722 402 1870 472 quod
1948 409 1952 411 ’

227 476 511 545 quominus
552 475 958 543 comprobemus
997 476 1380 544 impedimento
1423 478 1548 528 sunt
1570 475 1738 544 ipsius
1763 475 1870 528 Da-

221 550 351 601 retis
405 549 530 600 libri
583 549 799 616 plurimi
855 567 988 601 saec.
1042 549 1093 600 X
1148 549 1344 618 scripti.
1443 547 1629 619 Neque
1689 551 1873 602 tamen

226 623 523 690 defuerunt,
548 624 639 691 qui
664 623 818 675 aliter
841 626 1133 675 censerent.
1179 622 1289 675 Ioa.
1320 621 1619 676 Ludovicus
1653 622 1818 676 Vives
1829 621 1872 694 l)

223 698 300 749 ita
365 696 585 748 iudicat:
661 695 868 764 „Dares
923 696 1190 766 Phrygius
1248 700 1300 748 et
1353 695 1540 764 Dictys
1604 695 1872 750 Cretensis

223 771 484 839 figmenta
536 772 662 822 sunt
713 789 898 823 eorum
948 771 1039 839 qui
1090 771 1153 822 de
1203 770 1343 822 bello
1382 770 1743 823 famosissimo
1781 788 1872 824 vo-

226 845 442 895 luerunt
491 842 703 895 ludere“
741 845 892 912 eique
933 845 1137 896 assensi
1177 847 1302 895 sunt
1341 842 1459 895 Ger.
1498 843 1606 896 Ioa.
1644 843 1872 897 Vossius

224 918 434 986 aliique.
471 915 788 985 Nuperrime
806 917 1147 969 Hermannus
1163 915 1429 986 Dunger2)
1443 917 1524 968 vir
1541 917 1874 986 amplissima

225 991 521 1043 eruditione
549 994 601 1042 et
625 992 881 1043 acerrimo
906 992 1110 1060 ingenii
1135 992 1377 1043 acumine
1402 990 1674 1058 praeditus
1698 1008 1871 1059 neque

228 1082 421 1133 graeco
462 1082 634 1133 neque
674 1065 842 1116 latino
892 1082 1136 1116 sermone
1184 1065 1439 1132 scriptum
1477 1063 1691 1116 Daretis
1732 1063 1876 1116 aliud

227 1156 484 1207 umquam
503 1141 661 1207 atque
678 1156 777 1190 nos
796 1138 1100 1190 etiamnunc
1116 1138 1375 1190 habemus
1401 1137 1640 1189 extitisse
1665 1138 1876 1207 egregie

226 1212 462 1264 ostendit
507 1214 783 1280 totamque
829 1212 969 1263 hanc
1017 1212 1384 1281 quaestionem
1428 1214 1541 1262 tam
1579 1211 1874 1264 luculenter

228 1286 501 1353 tractavit,
548 1288 609 1337 ut
655 1303 776 1336 eum
823 1289 875 1337 et
919 1286 977 1336 in
1022 1286 1086 1337 iis
1137 1303 1271 1354 quae
1310 1285 1451 1336 infra
1491 1287 1784 1353 sequuntur
1822 1285 1876 1336 et

229 1359 287 1410 in
325 1359 391 1411 iis
432 1377 566 1428 quae
604 1357 771 1428 ipse3)
819 1360 927 1410 iam
974 1359 1174 1427 publici
1212 1359 1343 1410 iuris
1381 1358 1484 1410 feci
1522 1358 1631 1410 fere
1671 1375 1878 1426 semper

230 1450 491 1501 sequerer.
568 1432 776 1484 Eodem
813 1435 1052 1500 tempore
1091 1433 1148 1483 in
1172 1431 1545 1500 Francogallia
1584 1431 1647 1483 de
1678 1431 1779 1483 hac
1817 1447 1874 1483 re

227 1505 292 1558 A.
317 1504 496 1576 J01y4)
537 1524 747 1558 summa
787 1524 907 1558 cum
945 1506 1210 1558 industria
1249 1508 1302 1556 et
1341 1505 1588 1557 doctrina
1626 1504 1878 1557 disseruit

233 1582 395 1648 atque
441 1580 539 1647 ita,
579 1583 639 1631 ut
677 1580 735 1631 in
774 1580 1103 1649 gravissimis
1143 1579 1302 1631 rebus
1343 1578 1410 1630 ad
1450 1577 1675 1630 eundem
1715 1580 1876 1647 atque

230 1652 518 1722 Dungerus
560 1654 759 1704 exitum
798 1654 1015 1705 veniret.
1822 1695 1823 1698 η

384 1726 486 1788 Qui
532 1726 710 1778 fontes
757 1726 960 1778 fuerint
1007 1727 1280 1795 scriptoris
1328 1728 1539 1794 praeter
1583 1723 1880 1777 Homerum

229 1804 283 1853 et
321 1799 520 1868 Dictyn
557 1800 850 1852 nescimus:
890 1800 1031 1852 hunc
1058 1801 1295 1869 sequitur
1327 1817 1438 1867 cap.
1465 1798 1549 1866 25,
1589 1815 1693 1867 quo
1718 1796 1876 1850 Pala-

230 1874 374 1926 medi
387 1873 669 1942 imperium
688 1874 1007 1943 abrogatum
1032 1891 1145 1925 esse
1163 1875 1347 1924 narrat
1363 1872 1450 1941 (cf.
1467 1871 1667 1939 Dictyn
1678 1870 1748 1939 II,
1769 1868 1878 1940 15),

229 1949 382 2000 illum
405 1948 463 1999 in
485 1947 812 1999 recensendo
838 1947 1069 1999 exercitu
1094 1946 1419 1998 Graecorum
1443 1948 1496 1996 et
1519 1943 1878 1996 Troianorum

234 2040 347 2090 cap.
391 2021 474 2072 14.
499 2023 552 2072 et
581 2021 662 2089 18,
701 2021 808 2072 nisi
830 2020 960 2073 haec
1001 2038 1209 2089 quoque
1243 2037 1362 2070 eum
1388 2037 1450 2070 ex
1488 2017 1678 2085 Dictye
1718 2015 1768 2086 (I
1814 2017 1880 2069 17

235 2093 290 2146 ΙΙ
315 2092 409 2163 35)
443 2095 733 2162 sumpsisse
767 2096 1077 2146 statuemus.
1102 2093 1167 2145 In
1190 2093 1499 2144 universum
1522 2092 1662 2143 inter
1684 2089 1884 2158 Dictyn

239 2171 294 2219 et
316 2166 572 2219 Daretem
611 2167 712 2220 hoc
737 2168 1024 2219 discrimen
1049 2166 1345 2234 intercedit,
1386 2165 1526 2235 quod
1551 2182 1672 2216 cum
1695 2162 1883 2231 Dictys

239 2260 266 2293 e
305 2241 549 2310 partibus
569 2239 896 2292 Graecorum
930 2244 1112 2306 staret,
1137 2241 1224 2292 hic
1248 2240 1325 2291 ita
1347 2238 1710 2290 narrationem
1734 2253 1885 2289 suam

235 2314 487 2382 instituit,
533 2316 594 2365 ut
631 2313 985 2366 Troianorum
1033 2315 1192 2366 rebus
1241 2331 1402 2382 quam
1440 2311 1671 2363 maxime
1709 2310 1886 2362 favere

235 2388 491 2440 videatur.

364 2503 394 2557 1)
443 2502 628 2546 Ioannis
669 2501 896 2546 Ludovici
925 2502 1058 2546 Vivis
1092 2501 1334 2545 Valentini
1374 2500 1431 2544 de
1463 2497 1722 2555 disciplinis
1755 2496 1888 2541 Libri

237 2561 325 2604 XX
357 2561 575 2605 Coloniae
611 2566 723 2605 1532
755 2576 801 2618 p.
835 2566 934 2605 360.
1060 2560 1091 2616 2)
1124 2560 1209 2603 Die
1243 2559 1362 2616 Sage
1405 2572 1513 2602 vom
1555 2555 1888 2600 Troianischen

238 2619 408 2676 Kriege
439 2619 489 2662 in
528 2620 618 2663 den
657 2619 1033 2676 Bearbeitungen
1073 2619 1152 2662 des
1192 2617 1491 2661 Mittelalters
1533 2615 1629 2659 und
1667 2615 1768 2659 ihre
1809 2627 1889 2658 an—

235 2678 369 2722 tiken
417 2678 613 2731 Quellen
648 2678 859 2722 Dresden
900 2683 1012 2722 1869
1048 2677 1322 2734 Programm
1371 2676 1450 2719 des
1498 2672 1888 2719 Vitzthumschen

237 2737 580 2793 Gymnasiums.
718 2737 751 2793 3)
795 2737 946 2781 Ueber
984 2736 1129 2779 Dares
1174 2749 1265 2778 von
1315 2733 1552 2791 Phrygien
1603 2732 1660 2776 de
1708 2730 1887 2775 excidio

238 2795 407 2839 Troiae
437 2811 482 2852 p.
516 2800 703 2840 25—-36.
822 2796 857 2852 4)
891 2796 943 2839 A.
976 2795 1096 2851 Joly,
1130 2794 1297 2838 Benoit
1330 2793 1386 2836 de
1421 2790 1732 2835 Sainte-More
1764 2791 1812 2834 et
1841 2789 1888 2833 16

238 2853 421 2897 Roman
447 2855 502 2898 de
523 2854 658 2898 Troie
683 2868 743 2897 ou
765 2855 832 2898 les
849 2853 1246 2909 metamorphoses
1261 2851 1504 2895 d’Homere
1529 2852 1577 2894 et
1605 2849 1662 2893 de
1675 2849 1889 2906 l'epopee

239 2913 546 2967 greco-latine
579 2926 638 2956 au
669 2916 945 2970 moyen-age
977 2912 1108 2955 Paris
1143 2915 1390 2955 1870-71.
