1956 3178
4 283 44 359 ῗξῖ
107 301 263 360 Mysia
293 305 421 357 21,1
455 303 534 354 27,
561 302 586 342 5

0 368 21 398 -‘
106 360 280 406 Nastes
333 372 359 403 e
413 356 550 403 Caria
603 354 910 400 Troianorum

169 419 263 464 dux
294 423 375 474 22,
402 421 457 461 17

107 477 344 535 Nauplius
374 478 512 533 pater
541 471 806 518 Palamedis
839 475 910 525 23,

109 595 449 654 Neoptolemus
506 590 785 637 describitur
843 593 910 644 16,

170 660 229 700 24
259 668 296 700 ‚a
318 652 616 698 Penthesilea.
638 650 913 694 vulneratur

170 726 367 769 eamque
427 711 677 755 obtruncat
733 713 813 762 44,
859 712 911 750 13

168 773 406 817 Priamum
459 769 683 814 interficit
736 772 814 821 49,
858 771 911 809 16

169 831 457 888 Polyxenam
541 828 601 873 ad
679 825 912 871 tumulum

168 890 317 948 patris
354 887 541 946 iugulat
573 891 650 940 51,
678 890 733 929 14

109 948 281 994 Nestor
327 962 433 992 cum
477 945 676 990 Hercule
724 942 911 987 Troiam

169 1008 410 1066 expugnat
441 1011 489 1060 4,
514 1011 572 1049 26
618 1018 699 1048 rex
735 1002 840 1058 Pyli
876 1007 915 1057 7,

173 1072 227 1112 19
276 1065 556 1111 describitur
590 1069 659 1118 16,
685 1067 738 1106 21
781 1063 916 1118 pater

171 1124 413 1172 Antilochi
452 1129 531 1179 41,
559 1129 584 1167 8
641 1136 745 1165 611111
780 1120 915 1164 Ulixe

173 1187 221 1230 et
291 1182 516 1228 Diomede
580 1180 786 1225 mittitur
857 1179 915 1222 ad

172 1243 404 1289 Achillem
459 1244 512 1285 ut
562 1255 667 1285 eum
729 1239 918 1296 placent

175 1308 255 1358 36,
281 1307 306 1346 2

114 1362 286 1407 Nireus
326 1374 382 1406 ex
415 1360 552 1417 Syme
583 1357 687 1406 fdux
721 1356 916 1402 Graeco-

173 1435 278 1465 rum
305 1425 382 1475 18,
407 1424 432 1463 3
481 1419 540 1463 ab
566 1419 723 1462 Aenea
751 1414 918 1460 occidi-

175 1482 252 1524 tur
284 1484 363 1534 26,
389 1483 446 1522 20

118 1538 264 1584 Odius
288 1553 344 1583 ex
369 1535 585 1581 Alizonia
610 1535 916 1579 Troianorum

179 1598 272 1643 dux
304 1602 383 1651 23,
409 1602 434 1640 5

119 1656 357 1702 oraculum
388 1654 623 1712 Apollinis
659 1659 734 1709 19,
762 1657 815 1696 13

119 1716 437 1761 Orchomenus
474 1719 547 1768 17,
577 1718 630 1757 15

120 1774 391 1820 Ormenium
427 1778 501 1828 18,
530 1778 585 1816 14

117 1833 323 1879 Paeonia.
354 1838 482 1890 6,12
517 1837 566 1887 9,
592 1835 647 1875 25
687 1835 760 1886 11,
788 1834 813 1874 8
847 1833 918 1884 22,

117 1951 393 1997 Palamedes
450 1949 729 1995 describitur
779 1952 854 2002 17,
898 1952 918 1990 1

177 2010 355 2068 Naupli
401 2009 525 2054 filius
566 2014 644 2064 23,
678 2013 732 2052 10
806 2005 922 2050 sedi·

177 2070 330 2115 tiones
406 2070 593 2123 movet,
673 2065 922 2123 imperium

180 2129 462 2173 Graecorum
518 2125 691 2182 accipit
747 2130 824 2179 31,
867 2128 920 2166 13

180 2188 240 2232 ab
300 2186 567 2231 Alexandro
635 2184 922 2237 vulneratur,

178 2246 477 2302 Deiphobum
517 2246 564 2288 et
608 2242 923 2299 Sarpedonem

180 2307 317 2350 necat
358 2309 434 2359 34,
463 2310 514 2347 11
580 2301 808 2347 occiditur
848 2306 918 2354 34,

182 2369 239 2409 20
278 2363 526 2421 magnifice
551 2361 774 2418 sepelitur
799 2365 868 2411 35,
896 2364 920 2402 5

120 2423 362 2468 Pandarus
401 2436 425 2466 e
464 2420 594 2465 Zelia
631 2420 723 2463 dux
764 2418 923 2463 Troia·

181 2495 346 2527 norum
379 2486 455 2537 22,
486 2485 539 2524 15

121 2541 331 2585 Panthus
370 2540 494 2584 filius
524 2537 767 2595 Euphorbi
798 2536 923 2593 prin-

183 2613 289 2657 ceps
310 2598 616 2643 Troianorum
636 2602 676 2652 8,
692 2602 716 2640 5
748 2596 922 2639 dissua-

181 2659 263 2703 det
277 2659 454 2703 bellum
464 2671 569 2702 cum
581 2655 768 2700 Graecis
786 2660 853 2709 10,
869 2659 922 2697 14

121 2717 452 2775 Paphlagonia
482 2721 559 2772 23,
585 2720 611 2758 2

121 2776 366 2821 Patroclus
413 2781 489 2831 13,
525 2780 582 2819 20
646 2772 925 2817 describitur

185 2841 261 2891 16,
303 2840 357 2880 12
428 2848 484 2878 ex
530 2832 706 2877 Phthia
753 2837 828 2887 18,
870 2835 922 2874 12

182 2893 416 2939 Achillem
439 2892 648 2949 Delphos
673 2892 925 2935 comitatur

186 2958 263 3009 19,
308 2957 362 2997 15
426 2953 484 2996 ab
539 2951 738 2995 Hectore
784 2948 925 2993 inter-

213 3035 351 3068 Dnus
374 3034 593 3067 Pmurerus.

482 146 679 225 mns‘x
707 171 1007 222 NOMINUM
1036 169 1116 215 ET
1146 165 1379 212 RERUM.

1687 158 1760 213 65

1015 287 1165 343 fectus
1220 289 1298 340 24,
1337 288 1390 328 19
1462 280 1520 325 ab
1574 278 1760 324 Achille

1017 346 1261 406 plangitur
1293 348 1370 398 25,
1396 346 1422 387 8

956 408 1122 453 Peleus
1141 419 1246 449 cum
1260 400 1462 447 Hercule
1479 397 1668 444 Troiam
1686 411 1761 441 ex-

1017 466 1200 523 pugnat
1228 468 1275 518 5,
1300 467 1352 505 11
1385 473 1467 504 rex
1489 456 1760 516 Magnesiae

958 585 1112 629 Pelias
1143 583 1288 626 frater
1320 577 1517 624 Aesonis
1550 581 1598 631 2,
1625 581 1647 619 1

959 644 1307 700 Peloponensus
1342 644 1393 694 2,
1420 643 1443 681 1

958 701 1256 747 Penthesilea
1283 698 1449 755 regina
1473 697 1763 740 Amazonum

1018 768 1098 816 43,
1137 766 1190 804 16
1253 756 1618 814 Neoptolemum
1663 753 1764 797 vul-

1019 822 1155 864 nerat
1193 819 1240 863 et
1277 817 1335 861 ab
1369 829 1423 860 60
1457 814 1763 859 obtruncatur

1019 884 1099 934 44,
1130 884 1183 922 15

957 939 1120 983 Perses
1131 951 1186 981 ex
1194 933 1449 991 Aethiopia
1459 931 1766 976 Troianorum
1795 964 1801 968 .

1023 998 1117 1041 dux
1150 1001 1227 1050 23,
1254 1001 1279 1039 3

962 1058 1135 1101 Pheres
1160 1053 1350 1099 Admeti
1380 1052 1504 1096 filius
1538 1064 1566 1094 a
1598 1049 1764 1106 Sarpe-

1023 1117 1141 1160 done
1175 1113 1403 1158 occiditur
1436 1115 1513 1166 32,
1542 1115 1564 1153 1

963 1176 1142 1220 Pherae
1177 1179 1254 1229 18,
1281 1178 1307 1217 8

962 1234 1225 1291 Phidippus
1258 1246 1282 1276 6
1316 1229 1529 1287 Calydna
1567 1227 1767 1272 Graeco-

1023 1309 1125 1337 rum
1165 1292 1257 1335 dux
1293 1296 1367 1345 18,
1393 1296 1418 1334 5
1470 1288 1530 1332 ab
1569 1287 1768 1331 Hectore

1023 1351 1303 1396 interficitur
1337 1354 1415 1404 28,
1443 1354 1497 1392 10

964 1412 1250 1456 Philoctetes
1291 1423 1346 1453 ex
1383 1406 1588 1452 Melibea
1630 1410 1705 1460 19,
1739 1408 1766 1448 2

1025 1486 1130 1516 cum
1162 1467 1447 1526 Argonautis
1484 1466 1544 1510 ad
1577 1464 1768 1508 Troiam

1023 1531 1179 1574 fuerat
1211 1533 1289 1583 20,
1318 1532 1370 1570 17

962 1589 1130 1634 Phocis
1164 1592 1239 1642 17,
1267 1592 1320 1630 17

963 1649 1169 1704 Phorcys
1222 1661 1246 1690 6
1292 1644 1501 1702 Phrygia
1546 1642 1769 1688 Troiano·

1024 1723 1126 1751 rum
1167 1707 1260 1750 dux
1301 1710 1378 1760 23,
1407 1711 1428 1747 1
1487 1703 1546 1747 ab
1585 1701 1770 1747 Achille

1027 1766 1255 1811 occiditur
1288 1769 1365 1819 28,
1394 1769 1446 1807 11

965 1827 1176 1883 Phryges
1211 1830 1256 1878 7,
1284 1829 1338 1867 22
1373 1827 1451 1877 20,
1476 1827 1501 1866 2
1561 1819 1771 1878 Phrygia

1026 1890 1164 1939 3,18
1216 1887 1381 1938 19,17
1428 1886 1591 1937 22,16
1639 1885 1718 1936 23,
1744 1884 1768 1924 1

968 1956 1239 2058 Phsssiiigrff
1252 1947 1326 2045 2101
1340 1947 1419 2054 iti,
1448 2004 1500 2043 12

968 2062 1177 2118 Phylaca
1211 2067 1286 2115 18,
1312 2064 1338 2103 9

968 2122 1106 2165 Pirus
1147 2135 1171 2164 e
1215 2117 1417 2163 Thracia
1463 2116 1772 2161 Troianorum

1030 2180 1123 2223 dux
1156 2184 1234 2234 22,
1263 2183 1316 2222 19

969 2239 1233 2283 Podalirius
1267 2235 1520 2292 Aesculapi
1559 2234 1683 2278 filius
1714 2248 1772 2278 ex

1028 2298 1191 2342 Tricca
1207 2302 1273 2352 18,
1287 2302 1340 2340 10
1366 2293 1644 2339 describitur
1663 2297 1771 2350 17,3

968 2357 1196 2401 Podarces
1230 2370 1286 2400 ex
1317 2354 1526 2410 Phylaca
1559 2357 1635 2408 18,
1661 2356 1687 2396 9

968 2416 1134 2460 Pollux
1158 2429 1238 2459 rex
1261 2412 1466 2458 Achaiae
1494 2418 1539 2466 7,
1564 2416 1618 2455 15
1667 2423 1774 2456 cum

1029 2475 1228 2519 Hercule
1291 2472 1480 2516 Troiam
1532 2472 1775 2528 expugnat

1032 2540 1079 2589 5,
1116 2540 1167 2576 11
1232 2531 1427 2576 evanuit
1474 2535 1551 2586 14,
1583 2537 1611 2573 4
1694 2528 1772 2574 de·

1033 2593 1252 2637 scribitur
1287 2596 1361 2645 14,
1391 2595 1442 2633 13

970 2652 1252 2708 Polydamas
1288 2656 1363 2705 11,
1393 2655 1443 2692 11
1493 2662 1599 2693 cum
1630 2648 1774 2692 Ante-

1030 2724 1140 2755 nore
1179 2722 1343 2766 pacem
1393 2707 1559 2752 suadet
1603 2711 1682 2762 45,
1715 2710 1775 2752 20

1031 2770 1246 2814 coniurat
1260 2782 1365 2812 cum
1374 2767 1480 2811 aliis
1494 2766 1554 2811 ad
1566 2765 1774 2822 patriam

1030 2827 1320 2886 prodendam
1365 2831 1442 2882 47,
1484 2831 1511 2869 4
1580 2825 1636 2870 de
1683 2824 1774 2870 hac

1030 2888 1136 2944 ipsa
1179 2901 1229 2931 re
1276 2886 1334 2929 ad
1374 2887 1775 2942 Agamemnonem

1031 2946 1237 2991 mittitur
1270 2951 1347 3001 47,
1378 2950 1429 2988 17

1479 3023 1504 3062 5

1409 3165 1440 3178 A
