1956 3178
0 50 7 119 ζ’
33 0 121 69 Γ
530 37 722 113 annm
749 68 1006 112 ‘mcum
1036 67 1152 112 Lm
1187 68 1247 111 11.
1633 65 1703 119 39

0 239 4 242 -
75 199 250 270 igitur
285 196 503 251 reducto
531 195 768 249 exercitu
794 211 1020 264 corpora
1059 211 1276 247 suorum
1315 194 1547 246 cremata
1584 191 1702 263 igni

3 269 364 339 4,.86Ρ61111111.

3 351 5 355 ⁴
222 337 478 392 XXXIII.
554 335 683 399 Quis
730 335 980 406 perfectis
1030 335 1222 390 Graeci
1271 337 1516 388 statuunt
1562 334 1706 387 inter

76 429 138 464 se
176 409 471 477 Achillem,
529 407 679 461 cuius
727 355 784 459 ipn
837 406 1070 460 adversis
1120 406 1448 459 Graecorum
1496 404 1704 458 casibus

0 493 3 519 1
75 479 386 535 sollicitudo
433 478 720 548 praecipua
765 476 1074 546 videbatur,
1124 495 1238 530 rem
1288 477 1529 530 omnium
1577 488 1746 529 6011-5

84 552 313 604 firmare
389 550 480 630 sed
516 551 895 619 Agamemnon
934 549 1147 618 anxius,
1191 566 1260 600 ne
1298 548 1456 601 decus
1493 547 1704 618 regium

81 621 375 689 amitteret,
414 620 473 672 in
507 619 734 673 concilio
762 619 925 672 verba
949 591 1252 672 1661118101
1290 619 1519 671 maxime
1558 616 1706 671 cordi

76 709 196 746 6886
232 663 493 744 exercitus
531 689 955 743 incolomitatem
993 708 1167 759 neque
1204 689 1429 742 ulterius
1469 688 1701 756 differre,

77 762 214 832 quin
238 764 536 831 Astynome
562 761 774 830 parenti
799 761 1176 829 remitteretur,
1204 760 1434 812 maxime
1473 760 1518 811 si
1553 759 1706 812 resti-

78 833 290 887 tutione
317 833 430 885 eius
468 832 760 884 instantem
784 831 1078 912 perniciem
1104 830 1565 901 subterfugerent:
1604 847 1705 910 nec
1730 846 1771 878 10

120 904 370 972 uicquam
399 902 672 972 deprecari
710 902 954 971 amplius,
995 902 1041 954 si
1079 901 1238 955 modo
1277 902 1335 953 in
1373 901 1551 954 locum
1591 900 1704 953 61118

78 922 525 1054 ἓψροᾶ611116111,
566 990 701 1042 quae
754 990 875 1025 cum
911 972 1125 1025 Achille
1165 971 1404 1043 degeret,
1444 971 1706 1025 vicarium

82 1063 277 1098 munus
304 1044 485 1097 amissi
510 1015 733 1097 honoris
760 1044 1039 1112 acciperet.
1092 1061 1224 1112 quae
1260 1061 1344 1095 res
1380 1061 1706 1111 quamquam

79 1118 237 1168 atrox
275 1115 523 1168 omnibus
572 1117 626 1167 et
670 1113 896 1183 indigna
943 1114 1246 1182 videbatur,
1298 1117 1482 1166 tamen
1520 1113 1707 1166 conhi-

81 1189 241 1239 vente
296 1185 537 1253 Achille,
592 1184 740 1237 cuius
796 1184 852 1236 id
904 1185 1203 1253 praemium
1255 1203 1353 1253 pro
1410 1184 1594 1236 multis
1652 1186 1706 1236 et
1729 1197 1771 1231 15

83 1256 315 1327 egreglis
353 1254 683 1308 facinoribus
720 1255 922 1323 fuerat,
963 1255 1211 1335 effectum
1249 1255 1453 1307 habuit.
1521 1257 1705 1307 tantus

75 1344 233 1380 amor
269 1343 398 1396 erga
434 1326 726 1379 exercitum
762 1343 994 1395 curaque
1032 1330 1089 1378 in
1114 1325 1294 1378 animo
1335 1325 1539 1395 egregii
1577 1324 1706 1377 adu-

84 1396 334 1450 lescentis
371 1396 654 1449 insederat
718 1396 885 1467 igitur
913 1396 1136 1449 adversa
1174 1399 1491 1449 cunctorum
1516 1395 1705 1449 volun-

77 1470 192 1520 tate
239 1485 415 1536 neque
460 1470 642 1520 tamen
690 1485 962 1536 quoquam
1009 1467 1189 1536 palam
1234 1470 1514 1520 recusante
1562 1469 1705 1536 Aga-

79 1556 362 1606 memnon,
399 1541 675 1606 tamquam
714 1538 781 1590 ab
809 1538 1057 1590 omnibus
1096 1555 1346 1590 concessa
1382 1556 1467 1589 res
1505 1536 1706 1590 videre·
1728 1553 1771 1587 20

16 1616 23 1626 '
81 1611 185 1676 tur,
223 1608 502 1662 lictoribus
540 1611 601 1660 ut
625 1606 988 1676 Hippodamia
1013 1608 1413 1661 abstraheretur
1449 1608 1704 1677 imperat:

32 1703 33 1706 ¹
82 1679 248 1748 hique
302 1679 454 1731 brevi
520 1678 665 1731 iussa
729 1678 986 1731 efficiunt.
1086 1679 1305 1731 1111611111
1365 1681 1707 1747 Astynomen

79 1749 275 1803 Graeci
339 1767 436 1818 per
488 1747 789 1802 Diomeden
852 1751 1012 1818 atque
1064 1747 1264 1802 Ulixen
1326 1767 1446 1802 cum
1508 1765 1707 1819 magna

80 1821 236 1889 copia
283 1819 619 1872 victimarum
667 1819 734 1871 ad
790 1819 978 1872 fanum
1024 1820 1297 1889 Apollinis
1344 1820 1704 1873 transmisere

80 1890 208 1943 dein
243 1890 482 1960 perfecto
521 1890 780 1943 sacrificio
807 1891 1068 1959 paulatim
1105 1891 1186 1942 vis
1212 1891 1340 1943 mali
1377 1891 1536 1943 leniri
1574 1891 1705 1958 visa,
1729 1906 1771 1939 25

82 1978 258 2030 neque
314 1961 542 2030 amplius
598 1960 919 2029 adtemptari
977 1979 1203 2029 corpora
1261 1965 1315 2013 61
1371 1978 1557 2013 60111111
1613 1961 1707 2028 qui

81 2034 243 2085 antea
288 2031 658 2101 fatigabantur
712 2035 987 2099 tamquam
1022 2034 1233 2100 sperato
1270 2031 1527 2084 divinitus
1565 2031 1706 2084 leva-

81 2102 227 2155 mine
277 2102 522 2154 relaxari.
606 2102 683 2154 ita
728 2102 879 2154 brevi
925 2119 1021 2170 per
1063 2102 1374 2155 universum
1413 2102 1705 2155 exercitum

83 2172 368 2225 salubritas
416 2172 676 2241 vigorque
726 2172 915 2225 solitus
961 2176 1248 2225 renovatus
1296 2176 1390 2225 est.
1471 2173 1706 2225 mittitur

83 2242 246 2295 etiam
283 2242 615 2295 Philoctetae
663 2241 729 2294 ad
766 2242 1031 2295 Lemnum
1067 2244 1242 2312 portio
1291 2243 1520 2312 praedae
1574 2243 1703 2311 61118,
1727 2258 1769 2291 30

85 2331 246 2394 quam
285 2313 475 2365 Graeci
521 2331 617 2381 per
664 2313 869 2366 Aiacen
917 2317 1077 2383 atque
1124 2314 1379 2367 Achillen
1426 2313 1704 2366 advectam

81 2383 225 2436 inter
262 2401 316 2435 86
355 2383 559 2435 viritim
596 2382 995 2437 distribuerant

225 2452 477 2507 XXXIV.
522 2452 772 2507 Ceterum
797 2455 1036 2508 Achilles
1057 2473 1263 2508 memor
1288 2455 1516 2507 iniuriae
1543 2431 1705 2523 supra

82 2523 255 2576 dictae
295 2523 674 2577 abstinendum
711 2525 928 2593 publico
968 2526 1193 2579 consilio
1235 2525 1541 2578 decreverat
1579 2525 1702 2578 odio

84 2595 313 2647 maxime
339 2595 763 2665 Agamemnonis
790 2595 1096 2665 abolitoque
1127 2614 1324 2664 amore,
1364 2613 1523 2676 quem
1562 2596 1703 2649 61166
1726 2611 1768 2644 35

86 2663 319 2718 Graecos
356 2664 633 2735 habuerat,
672 2666 874 2719 scilicet
901 2667 1045 2735 quod
1084 2685 1267 2720 eorum
1293 2666 1555 2735 patientia
1579 2670 1704 2735 post

197 2810 223 2849 5
254 2820 408 2861 regem
440 2808 528 2849 PV
615 2809 667 2849 14
688 2809 967 2851 conhiuente
994 2809 1055 2852 G²
1085 2811 1127 2851 in
1158 2822 1262 2856 ras„
1285 2822 1363 2851 om.
1388 2809 1430 2849 B
1449 2812 1529 2851 sed
1548 2812 1702 2851 lacuna

83 2865 138 2906 33
167 2863 363 2905 iniuriae
382 2877 604 2906 —amore
640 2866 687 2907 G.
720 2867 763 2906 in
793 2879 925 2919 marg.
1043 2868 1096 2908 36
1128 2866 1364 2919 pacientia
1396 2866 1444 2908 G.
