1956 3178
509 157 588 201 DE
621 154 869 200 EXCIDIO
904 154 1130 199 TROIAE
1163 152 1468 198 HISTORIA.
1749 152 1820 205 35

171 279 359 348 Argivi
398 278 614 346 cedunt,
668 277 725 328 in
772 279 947 338 castra
987 274 1327 344 confugiunt:
1381 273 1603 326 Troiani
1641 291 1820 342 perse-

172 356 387 421 cuntur,
427 355 602 405 castra
642 351 981 420 obpugnant,
1033 367 1195 401 naves
1235 348 1542 401 incendunt.
1619 347 1820 399 Achilli

170 426 479 479 nuntiatum
518 430 621 493 est,
661 424 976 477 dissimulat.
1046 423 1185 475 Aiax
1226 421 1570 475 Telamonius
1609 421 1821 474 fortiter

172 500 422 553 defendit.
504 518 612 552 nox
658 497 921 568 proelium
977 496 1192 549 dirimit.
1287 495 1479 566 Argivi
1524 495 1582 548 in
1629 495 1819 548 castris

93 590 97 596 ·
170 573 472 627 Palamedis
535 572 814 626 scientiam
869 571 1195 641 aequitatem
1258 569 1597 623 clementiam
1667 570 1817 622 boni-
1845 580 1864 612 5

168 651 337 700 tatem
405 649 784 700 lamentantur.
884 645 1103 698 Troiani
1170 644 1533 714 Sarpedonem
1589 647 1643 696 et
1694 642 1819 695 Dei-

170 721 408 790 phobum
449 721 658 773 deflent.

317 794 513 848 XXIX.
612 793 812 846 Nestor
881 793 972 863 qui
1035 793 1207 845 maior
1275 795 1588 845 natuerat
1656 794 1820 844 noctu

169 869 414 922 ductores
460 869 518 920 in
556 867 839 921 consilium
885 871 1042 919 vocat
1068 866 1270 918 suadet
1306 867 1578 934 hortatur,
1622 869 1683 918 ut
1720 866 1818 918 im-

167 946 469 1010 peratorem
500 941 813 1011 praeficiant
851 944 905 993 et
945 941 989 993 si
1022 940 1097 993 eis
1129 940 1373 993 videatur
1408 939 1636 993 eundem
1671 938 1816 1010 Aga·
1844 949 1887 982 10

168 1034 508 1069 memnonem
551 1015 774 1068 minima
814 1033 934 1067 eum
975 1014 1240 1068 discordia
1277 1014 1392 1067 fieri
1431 1031 1603 1083 posse.
1664 1014 1819 1078 ¹Item

170 1093 574 1159 commemorat,
623 1090 749 1142 dum
796 1090 884 1141 ille
930 1089 1224 1157 imperator
1269 1088 1394 1158 fuit,
1440 1107 1525 1141 res
1565 1106 1818 1156 prospere

169 1164 402 1233 cessisse,
450 1164 660 1217 felicem
714 1163 880 1216 fuisse
932 1163 1245 1215 exercitum:
1288 1163 1333 1215 si
1383 1162 1469 1215 cui
1508 1162 1636 1232 quid
1674 1162 1820 1214 aliud

167 1238 412 1291 videatur
451 1238 623 1290 dicere
664 1237 865 1290 suadet.
928 1254 1113 1290 omnes
1155 1236 1488 1305 adsentiunt,
1527 1236 1818 1306 Agamem-

167 1329 366 1364 nonem
423 1330 691 1364 summum
744 1311 1122 1380 imperatorem
1178 1311 1510 1379 praeficiunt.
1601 1313 1818 1379 postera
1845 1319 1885 1352 15

168 1385 251 1437 die
291 1385 511 1438 Troiani
550 1386 751 1438 alacres
790 1385 848 1437 in
889 1385 1055 1437 aciem
1095 1385 1374 1453 prodeunt.
1437 1384 1818 1455 Agamemnon

168 1459 456 1512 exercitum
504 1463 690 1512 contra
737 1459 928 1512 educit.
1010 1459 1216 1527 proelio
1266 1459 1553 1512 commisso
1591 1462 1816 1528 uterque

168 1533 428 1586 exercitus
482 1534 623 1586 inter
687 1551 742 1586 se
804 1537 1020 1603 pugnat.
1111 1536 1400 1603 postquam
1466 1532 1639 1586 maior
1690 1551 1816 1602 pars

167 1606 271 1659 diei
303 1607 541 1676 transiit,
579 1607 760 1676 prodit
790 1607 846 1659 in
878 1607 1053 1676 primo
1078 1606 1313 1676 Troilus,
1353 1607 1527 1660 caedit
1558 1607 1816 1677 devastat,

166 1679 399 1751 Argivos
468 1681 526 1733 in
586 1684 763 1734 castra
830 1681 998 1750 fugat.
1097 1683 1314 1750 postera
1376 1681 1459 1733 die
1522 1681 1813 1734 exercitum
1838 1691 1881 1724 20

166 1753 385 1808 Troiani
439 1754 697 1808 educunt:
753 1758 941 1808 contra
994 1754 1388 1824 Agamemnon.
1471 1755 1533 1808 fit
1578 1755 1815 1808 maxima

166 1828 376 1898 caedes,
432 1833 654 1899 uterque
701 1829 963 1881 exercitus
1024 1829 1165 1882 inter
1225 1847 1282 1881 se
1336 1833 1545 1899 pugnat
1607 1830 1813 1883 acriter.

165 1902 362 1955 multos
403 1902 561 1956 duces
600 1902 925 1973 Argivorum
965 1902 1176 1956 Troilus
1216 1903 1481 1956 interficit.
1540 1907 1815 1974 pugnatur

108 2038 115 2043 ¹
164 1975 434 2029 continuis
489 1976 675 2029 diebus
730 1976 852 2029 VII.
945 1976 1325 2046 Agamemnon
1386 1977 1622 2030 indutias
1677 1978 1815 2047 petit

163 2049 221 2101 in
260 2049 392 2103 duos
431 2068 657 2103 menses.
734 2050 1060 2102 Palameden
1108 2050 1392 2120 magnifico
1436 2051 1622 2104 funere
1662 2051 1814 2105 effert
1838 2059 1881 2093 25

165 2127 473 2193 ceterosque
499 2124 656 2176 duces
684 2142 743 2176 ac
774 2123 972 2176 milites
1004 2125 1216 2194 utrique
1250 2125 1584 2194 sepeliendos
1610 2130 1814 2179 curant.

284 2290 305 2327 1
349 2283 512 2341 Argivi
553 2283 727 2328 cedunt
773 2286 1061 2340 transposui,
1108 2285 1159 2328 in
1199 2285 1332 2329 libris
1376 2290 1440 2329 est
1476 2290 1585 2342 post
1623 2286 1809 2343 occiso2

160 2341 363 2399 turpiter
393 2341 558 2400 Argiui
588 2343 724 2400 terga
747 2345 938 2387 uertunt
966 2344 1072 2387 add.
1098 2343 1141 2387 G
1165 2348 1270 2388 ante
1300 2344 1348 2388 in
1381 2346 1536 2389 castra
1564 2348 1571 2399 Ι
1596 2358 1812 2403 persequ.

141 2409 156 2414 “
326 2406 351 2444 2
386 2414 558 2460 oppug.
593 2400 636 2446 G
755 2406 782 2446 3
814 2401 1058 2446 nuntiatur
1090 2401 1133 2446 G
1161 2406 1166 2458 Ι
1193 2403 1447 2447 fortissime
1480 2403 1523 2447 G
1645 2409 1671 2448 5
1702 2404 1810 2449 bon.

162 2459 292 2505 clem.
327 2459 371 2504 G
491 2466 517 2505 6
550 2459 705 2518 deiph.
748 2463 796 2505 et
836 2473 958 2519 sarp.
992 2461 1035 2505 G
1155 2467 1181 2507 8
1221 2465 1358 2506 nocte
1397 2462 1442 2505 L
1565 2468 1618 2506 12
1658 2462 1733 2508 1118
1765 2463 1818 2507 F

160 2518 307 2563 isdem
339 2518 383 2564 G
451 2519 533 2564 ille
571 2519 615 2563 L
653 2523 659 2574 Ι
698 2521 822 2564 68861
858 2519 901 2563 L
940 2524 945 2574 Ι
983 2533 1056 2564 168
1096 2533 1181 2565 om.
1222 2520 1264 2565 G
1399 2526 1452 2566 13
1484 2525 1671 2579 gestum
1710 2536 1811 2567 esse

162 2578 276 2622 satis
309 2577 351 2622 G
412 2577 528 2630 satis
558 2578 601 2622 L
631 2579 751 2636 quod
781 2583 1046 2635 corruptum
1077 2592 1166 2624 esse
1190 2583 1308 2636 pato
1339 2593 1394 2624 ex
1425 2580 1620 2626 cessisse
1648 2583 1652 2635 Ι
1681 2581 1811 2626 aliud

161 2636 273 2692 quid
304 2636 490 2682 uidetur
529 2637 570 2682 G
700 2642 756 2682 14
794 2638 1062 2683 assenciunt
1104 2639 1147 2683 G
1278 2644 1331 2684 16
1364 2638 1561 2698 alacres]
1592 2639 1708 2685 laeti
1753 2654 1811 2685 ex

161 2695 334 2752 oppido
374 2695 418 2740 G
547 2701 600 2742 18
631 2699 870 2754 pugnatur
903 2697 947 2740 L
1006 2697 1199 2755 fugatur
1242 2697 1304 2754 G,
1336 2711 1419 2743 nos
1449 2701 1632 2757 pugnat
1754 2705 1809 2744 19

158 2753 336 2811 prodiit
367 2754 409 2798 G
438 2757 442 2809 Ι
469 2754 518 2798 111
556 2755 708 2812 primo
739 2757 835 2800 scil.
869 2757 1048 2812 aymine
1079 2757 1211 2811 libri,
1241 2761 1293 2801 ut
1323 2757 1456 2812 infra
1485 2773 1529 2815 p.
1564 2763 1643 2813 39,
1683 2764 1729 2813 1,
1760 2758 1808 2804 in

159 2813 322 2869 primis
354 2814 458 2858 edit.
501 2813 650 2858 Veraet.
679 2816 684 2869 Ι
713 2814 838 2859 cedit
869 2815 911 2859 G
1033 2820 1090 2859 20
1121 2818 1177 2860 tr.
1210 2829 1358 2860 exerc.
1386 2816 1428 2861 G
1548 2821 1601 2861 21
1636 2831 1810 2875 magna

159 2871 293 2916 cedes
318 2871 360 2916 G
481 2877 536 2916 22
568 2875 783 2930 pugnant
807 2873 848 2918 G
876 2875 881 2925 ἱ
910 2874 1098 2932 acriter]
1124 2889 1193 2932 pr.
1220 2888 1325 2920 acre
1350 2875 1403 2919 fit
1428 2875 1470 2920 G
1585 2881 1639 2921 23
1665 2877 1806 2922 inter-

158 2930 271 2975 fecit
300 2930 409 2976 L¹G
469 2931 691 2976 interficit
722 2931 763 2974 L
886 2938 942 2978 26
975 2932 1139 2990 utique
1173 2949 1207 2979 s.
1241 2937 1374 2980 curat
1406 2935 1460 2979 G.

1470 3013 1535 3052 3*
