<?xml version="1.0" encoding="UTF-8"?>
<!DOCTYPE html PUBLIC "-//W3C//DTD XHTML 1.0 Transitional//EN"
    "http://www.w3.org/TR/xhtml1/DTD/xhtml1-transitional.dtd">
<html xmlns="http://www.w3.org/1999/xhtml" xml:lang="en" lang="en">
 <head>
  <title>
</title>
<meta http-equiv="Content-Type" content="text/html;charset=utf-8" />
  <meta name='ocr-system' content='tesseract 3.04.00' />
  <meta name='ocr-capabilities' content='ocr_page ocr_carea ocr_par ocr_line ocrx_word'/>
</head>
<body>
  <div class='ocr_page' id='page_1' title='image "./dictyscretensise00dictuoft_0255.png"; bbox 0 0 1956 3178; ppageno 0'>
   <div class='ocr_carea' id='block_1_1' title="bbox 482 137 1784 188">
    <p class='ocr_par' dir='ltr' id='par_1_1' title="bbox 482 137 1784 188">
     <span class='ocr_line' id='line_1_1' title="bbox 482 137 1784 188; baseline 0.001 -1"><span class='ocrx_word' id='word_1_1' title='bbox 482 142 561 187; x_wconf 86' lang='lat' dir='ltr'>DE</span> <span class='ocrx_word' id='word_1_2' title='bbox 595 141 840 188; x_wconf 87' lang='lat' dir='ltr'>EXCIDIO</span> <span class='ocrx_word' id='word_1_3' title='bbox 874 139 1098 186; x_wconf 82' lang='lat' dir='ltr'>TROIAE</span> <span class='ocrx_word' id='word_1_4' title='bbox 1131 138 1435 185; x_wconf 86' lang='lat' dir='ltr'><strong>HISTORIA.</strong></span> <span class='ocrx_word' id='word_1_5' title='bbox 1715 137 1784 188; x_wconf 76' lang='grc'>27</span> 
     </span>
    </p>
   </div>
   <div class='ocr_carea' id='block_1_2' title="bbox 135 259 1861 2104">
    <p class='ocr_par' dir='ltr' id='par_1_2' title="bbox 135 259 1861 2104">
     <span class='ocr_line' id='line_1_2' title="bbox 135 259 1786 329; baseline -0.004 -12"><span class='ocrx_word' id='word_1_6' title='bbox 135 263 298 317; x_wconf 59' lang='lat' dir='ltr'>cavia</span> <span class='ocrx_word' id='word_1_7' title='bbox 387 263 515 316; x_wconf 89' lang='lat' dir='ltr'>laeti</span> <span class='ocrx_word' id='word_1_8' title='bbox 569 262 789 316; x_wconf 90' lang='lat' dir='ltr'>Troiani</span> <span class='ocrx_word' id='word_1_9' title='bbox 849 262 906 314; x_wconf 92' lang='lat' dir='ltr'>in</span> <span class='ocrx_word' id='word_1_10' title='bbox 968 264 1143 314; x_wconf 89' lang='lat' dir='ltr'>castra</span> <span class='ocrx_word' id='word_1_11' title='bbox 1197 263 1549 313; x_wconf 87' lang='lat' dir='ltr'>revertuntur.</span> <span class='ocrx_word' id='word_1_12' title='bbox 1641 259 1786 329; x_wconf 84' lang='lat' dir='ltr'>Aga-</span> 
     </span>
     <span class='ocr_line' id='line_1_3' title="bbox 140 333 1787 401; baseline -0.003 -11"><span class='ocrx_word' id='word_1_13' title='bbox 140 355 399 390; x_wconf 81' lang='lat' dir='ltr'>memnon</span> <span class='ocrx_word' id='word_1_14' title='bbox 445 336 704 390; x_wconf 90' lang='lat' dir='ltr'>sollicitus</span> <span class='ocrx_word' id='word_1_15' title='bbox 759 334 918 388; x_wconf 90' lang='lat' dir='ltr'>duces</span> <span class='ocrx_word' id='word_1_16' title='bbox 965 334 1023 387; x_wconf 93' lang='lat' dir='ltr'>in</span> <span class='ocrx_word' id='word_1_17' title='bbox 1061 334 1347 388; x_wconf 90' lang='lat' dir='ltr'>consilium</span> <span class='ocrx_word' id='word_1_18' title='bbox 1385 333 1616 401; x_wconf 83' lang='lat' dir='ltr'>vocavit,</span> <span class='ocrx_word' id='word_1_19' title='bbox 1665 333 1787 386; x_wconf 61' lang='lat' dir='ltr'>hor«</span> 
     </span>
     <span class='ocr_line' id='line_1_4' title="bbox 137 405 1788 479; baseline -0.002 -16"><span class='ocrx_word' id='word_1_20' title='bbox 137 413 302 478; x_wconf 87' lang='lat' dir='ltr'>tatur,</span> <span class='ocrx_word' id='word_1_21' title='bbox 327 414 387 463; x_wconf 89' lang='lat' dir='ltr'>ut</span> <span class='ocrx_word' id='word_1_22' title='bbox 409 409 619 464; x_wconf 87' lang='lat' dir='ltr'>fortiter</span> <span class='ocrx_word' id='word_1_23' title='bbox 643 412 948 479; x_wconf 78' lang='lat' dir='ltr'>pugnarent</span> <span class='ocrx_word' id='word_1_24' title='bbox 970 425 1143 478; x_wconf 91' lang='lat' dir='ltr'>neque</span> <span class='ocrx_word' id='word_1_25' title='bbox 1168 405 1507 475; x_wconf 73' lang='lat' dir='ltr'>desisterent,</span> <span class='ocrx_word' id='word_1_26' title='bbox 1533 407 1788 477; x_wconf 89' lang='lat' dir='ltr'>quoniam</span> 
     </span>
     <span class='ocr_line' id='line_1_5' title="bbox 141 482 1786 553; baseline -0.001 -16"><span class='ocrx_word' id='word_1_27' title='bbox 141 484 315 538; x_wconf 91' lang='lat' dir='ltr'>maior</span> <span class='ocrx_word' id='word_1_28' title='bbox 345 502 469 553; x_wconf 87' lang='lat' dir='ltr'>pars</span> <span class='ocrx_word' id='word_1_29' title='bbox 502 502 566 536; x_wconf 87' lang='lat' dir='ltr'>ex</span> <span class='ocrx_word' id='word_1_30' title='bbox 598 484 708 537; x_wconf 92' lang='lat' dir='ltr'>suis</span> <span class='ocrx_word' id='word_1_31' title='bbox 742 485 992 552; x_wconf 88' lang='lat' dir='ltr'>superata</span> <span class='ocrx_word' id='word_1_32' title='bbox 1025 483 1117 549; x_wconf 89' lang='lat' dir='ltr'>sit,</span> <span class='ocrx_word' id='word_1_33' title='bbox 1157 498 1370 550; x_wconf 91' lang='lat' dir='ltr'>sperare</span> <span class='ocrx_word' id='word_1_34' title='bbox 1409 499 1463 534; x_wconf 92' lang='lat' dir='ltr'>se</span> <span class='ocrx_word' id='word_1_35' title='bbox 1496 482 1786 535; x_wconf 87' lang='lat' dir='ltr'>exercitum</span> 
     </span>
     <span class='ocr_line' id='line_1_6' title="bbox 139 554 1832 627; baseline -0.004 -16"><span class='ocrx_word' id='word_1_36' title='bbox 139 574 207 610; x_wconf 87' lang='lat' dir='ltr'>ex</span> <span class='ocrx_word' id='word_1_37' title='bbox 246 557 421 627; x_wconf 87' lang='lat' dir='ltr'><strong>Mysia</strong></span> <span class='ocrx_word' id='word_1_38' title='bbox 460 557 653 611; x_wconf 90' lang='lat' dir='ltr'>cotidie</span> <span class='ocrx_word' id='word_1_39' title='bbox 694 559 1151 626; x_wconf 85' lang='lat' dir='ltr'>superventurum.</span> <span class='ocrx_word' id='word_1_40' title='bbox 1781 554 1832 605; x_wconf 74' lang='lat'>&#39;5</span> 
     </span>
     <span class='ocr_line' id='line_1_7' title="bbox 291 628 1787 699; baseline -0.001 -15"><span class='ocrx_word' id='word_1_41' title='bbox 291 631 465 684; x_wconf 92' lang='lat' dir='ltr'>XXII.</span> <span class='ocrx_word' id='word_1_42' title='bbox 556 630 782 684; x_wconf 88' lang='lat' dir='ltr'>Postera</span> <span class='ocrx_word' id='word_1_43' title='bbox 842 630 926 682; x_wconf 90' lang='lat' dir='ltr'>die</span> <span class='ocrx_word' id='word_1_44' title='bbox 979 628 1359 699; x_wconf 82' lang='lat' dir='ltr'>Agamemnon</span> <span class='ocrx_word' id='word_1_45' title='bbox 1413 632 1588 682; x_wconf 91' lang='lat' dir='ltr'>totum</span> <span class='ocrx_word' id='word_1_46' title='bbox 1643 647 1787 699; x_wconf 82' lang='lat' dir='ltr'>exer-</span> 
     </span>
     <span class='ocr_line' id='line_1_8' title="bbox 138 703 1788 774; baseline -0.001 -17"><span class='ocrx_word' id='word_1_47' title='bbox 138 705 309 758; x_wconf 86' lang='lat' dir='ltr'>citum</span> <span class='ocrx_word' id='word_1_48' title='bbox 365 709 418 757; x_wconf 91' lang='lat' dir='ltr'>et</span> <span class='ocrx_word' id='word_1_49' title='bbox 471 722 656 758; x_wconf 91' lang='lat' dir='ltr'>omnes</span> <span class='ocrx_word' id='word_1_50' title='bbox 712 703 871 757; x_wconf 91' lang='lat' dir='ltr'>duces</span> <span class='ocrx_word' id='word_1_51' title='bbox 925 703 982 755; x_wconf 91' lang='lat' dir='ltr'>in</span> <span class='ocrx_word' id='word_1_52' title='bbox 1037 720 1276 773; x_wconf 86' lang='lat' dir='ltr'>pugnam</span> <span class='ocrx_word' id='word_1_53' title='bbox 1330 703 1544 772; x_wconf 90' lang='lat' dir='ltr'>prodire</span> <span class='ocrx_word' id='word_1_54' title='bbox 1599 705 1788 774; x_wconf 85' lang='lat' dir='ltr'>coegit.</span> 
     </span>
     <span class='ocr_line' id='line_1_9' title="bbox 139 776 1788 846; baseline -0.001 -15"><span class='ocrx_word' id='word_1_55' title='bbox 139 782 331 831; x_wconf 86' lang='lat' dir='ltr'>contra</span> <span class='ocrx_word' id='word_1_56' title='bbox 378 778 613 832; x_wconf 85' lang='lat' dir='ltr'>Troiani.</span> <span class='ocrx_word' id='word_1_57' title='bbox 697 778 759 830; x_wconf 91' lang='lat' dir='ltr'>fit</span> <span class='ocrx_word' id='word_1_58' title='bbox 805 794 1003 846; x_wconf 83' lang='lat' dir='ltr'>magna</span> <span class='ocrx_word' id='word_1_59' title='bbox 1050 776 1259 842; x_wconf 77' lang='lat' dir='ltr'>caedeS‚</span> <span class='ocrx_word' id='word_1_60' title='bbox 1311 777 1504 830; x_wconf 88' lang='lat' dir='ltr'>acriter</span> <span class='ocrx_word' id='word_1_61' title='bbox 1543 794 1606 830; x_wconf 92' lang='lat' dir='ltr'>ex</span> <span class='ocrx_word' id='word_1_62' title='bbox 1645 782 1788 830; x_wconf 89' lang='lat' dir='ltr'>utra-</span> 
     </span>
     <span class='ocr_line' id='line_1_10' title="bbox 138 850 1791 922; baseline -0.001 -17"><span class='ocrx_word' id='word_1_63' title='bbox 138 869 246 922; x_wconf 89' lang='lat' dir='ltr'>que</span> <span class='ocrx_word' id='word_1_64' title='bbox 283 856 436 920; x_wconf 86' lang='lat' dir='ltr'>parte</span> <span class='ocrx_word' id='word_1_65' title='bbox 466 855 759 922; x_wconf 83' lang='lat' dir='ltr'>pugnatur,</span> <span class='ocrx_word' id='word_1_66' title='bbox 798 851 969 903; x_wconf 90' lang='lat' dir='ltr'>multa</span> <span class='ocrx_word' id='word_1_67' title='bbox 1008 851 1157 903; x_wconf 91' lang='lat' dir='ltr'>milia</span> <span class='ocrx_word' id='word_1_68' title='bbox 1187 850 1313 903; x_wconf 90' lang='lat' dir='ltr'>hinc</span> <span class='ocrx_word' id='word_1_69' title='bbox 1345 854 1398 903; x_wconf 91' lang='lat' dir='ltr'>et</span> <span class='ocrx_word' id='word_1_70' title='bbox 1436 851 1559 903; x_wconf 89' lang='lat' dir='ltr'>inde</span> <span class='ocrx_word' id='word_1_71' title='bbox 1592 851 1791 904; x_wconf 87' lang='lat' dir='ltr'>cadunt</span> 
     </span>
     <span class='ocr_line' id='line_1_11' title="bbox 140 923 1857 995; baseline -0.003 -16"><span class='ocrx_word' id='word_1_72' title='bbox 140 942 243 979; x_wconf 93' lang='lat' dir='ltr'>nec</span> <span class='ocrx_word' id='word_1_73' title='bbox 267 925 612 979; x_wconf 86' lang='lat' dir='ltr'>differebatur</span> <span class='ocrx_word' id='word_1_74' title='bbox 642 941 847 995; x_wconf 83' lang='lat' dir='ltr'>pugna,</span> <span class='ocrx_word' id='word_1_75' title='bbox 885 924 962 977; x_wconf 88' lang='lat' dir='ltr'>ita</span> <span class='ocrx_word' id='word_1_76' title='bbox 994 927 1054 976; x_wconf 91' lang='lat' dir='ltr'>ut</span> <span class='ocrx_word' id='word_1_77' title='bbox 1078 924 1348 978; x_wconf 74' lang='lat' dir='ltr'>continuis</span> <span class='ocrx_word' id='word_1_78' title='bbox 1374 923 1579 978; x_wconf 90' lang='lat' dir='ltr'>LXXX</span> <span class='ocrx_word' id='word_1_79' title='bbox 1603 924 1788 979; x_wconf 91' lang='lat' dir='ltr'>diebus</span> <span class='ocrx_word' id='word_1_80' title='bbox 1817 944 1857 975; x_wconf 80' lang='grc' dir='ltr'>ιο</span> 
     </span>
     <span class='ocr_line' id='line_1_12' title="bbox 142 997 1790 1074; baseline 0 -22"><span class='ocrx_word' id='word_1_81' title='bbox 142 999 385 1074; x_wconf 77' lang='lat' dir='ltr'>animose</span> <span class='ocrx_word' id='word_1_82' title='bbox 423 1002 725 1070; x_wconf 85' lang='lat' dir='ltr'>pugnatum</span> <span class='ocrx_word' id='word_1_83' title='bbox 771 998 854 1051; x_wconf 89' lang='lat' dir='ltr'>sit.</span> <span class='ocrx_word' id='word_1_84' title='bbox 931 997 1311 1068; x_wconf 84' lang='lat' dir='ltr'>Agamemnon</span> <span class='ocrx_word' id='word_1_85' title='bbox 1350 1002 1410 1051; x_wconf 91' lang='lat' dir='ltr'>ut</span> <span class='ocrx_word' id='word_1_86' title='bbox 1448 998 1582 1051; x_wconf 84' lang='lat' dir='ltr'>vidit</span> <span class='ocrx_word' id='word_1_87' title='bbox 1619 1000 1790 1053; x_wconf 88' lang='lat' dir='ltr'>multa</span> 
     </span>
     <span class='ocr_line' id='line_1_13' title="bbox 143 1072 1791 1142; baseline 0.001 -16"><span class='ocrx_word' id='word_1_88' title='bbox 143 1073 292 1126; x_wconf 83' lang='lat' dir='ltr'>milia</span> <span class='ocrx_word' id='word_1_89' title='bbox 353 1074 544 1127; x_wconf 77' lang='lat' dir='ltr'>cotidie</span> <span class='ocrx_word' id='word_1_90' title='bbox 616 1072 784 1126; x_wconf 89' lang='lat' dir='ltr'>occidi</span> <span class='ocrx_word' id='word_1_91' title='bbox 844 1090 1017 1142; x_wconf 92' lang='lat' dir='ltr'>neque</span> <span class='ocrx_word' id='word_1_92' title='bbox 1079 1072 1319 1125; x_wconf 89' lang='lat' dir='ltr'>sufficere</span> <span class='ocrx_word' id='word_1_93' title='bbox 1373 1076 1614 1126; x_wconf 89' lang='lat' dir='ltr'>mortuos</span> <span class='ocrx_word' id='word_1_94' title='bbox 1677 1074 1791 1127; x_wconf 90' lang='lat' dir='ltr'>sine</span> 
     </span>
     <span class='ocr_line' id='line_1_14' title="bbox 142 1145 1791 1216; baseline 0.001 -17"><span class='ocrx_word' id='word_1_95' title='bbox 142 1146 540 1201; x_wconf 78' lang='lat' dir='ltr'>intermissione</span> <span class='ocrx_word' id='word_1_96' title='bbox 579 1146 836 1214; x_wconf 82' lang='lat' dir='ltr'>funerari,</span> <span class='ocrx_word' id='word_1_97' title='bbox 883 1145 1031 1198; x_wconf 90' lang='lat' dir='ltr'>misit</span> <span class='ocrx_word' id='word_1_98' title='bbox 1076 1146 1284 1216; x_wconf 85' lang='lat' dir='ltr'>legatos</span> <span class='ocrx_word' id='word_1_99' title='bbox 1334 1145 1533 1200; x_wconf 83' lang='lat' dir='ltr'>Ulixen</span> <span class='ocrx_word' id='word_1_100' title='bbox 1572 1149 1626 1200; x_wconf 89' lang='lat' dir='ltr'>et</span> <span class='ocrx_word' id='word_1_101' title='bbox 1664 1147 1791 1201; x_wconf 90' lang='lat' dir='ltr'>Dio-</span> 
     </span>
     <span class='ocr_line' id='line_1_15' title="bbox 140 1219 1791 1291; baseline 0.001 -18"><span class='ocrx_word' id='word_1_102' title='bbox 140 1220 354 1274; x_wconf 89' lang='lat' dir='ltr'>medem</span> <span class='ocrx_word' id='word_1_103' title='bbox 402 1221 470 1274; x_wconf 90' lang='lat' dir='ltr'>ad</span> <span class='ocrx_word' id='word_1_104' title='bbox 516 1220 811 1287; x_wconf 85' lang='lat' dir='ltr'>Priamum,</span> <span class='ocrx_word' id='word_1_105' title='bbox 867 1223 928 1272; x_wconf 91' lang='lat' dir='ltr'>ut</span> <span class='ocrx_word' id='word_1_106' title='bbox 972 1219 1208 1273; x_wconf 85' lang='lat' dir='ltr'>indutias</span> <span class='ocrx_word' id='word_1_107' title='bbox 1259 1220 1318 1272; x_wconf 92' lang='lat' dir='ltr'>in</span> <span class='ocrx_word' id='word_1_108' title='bbox 1362 1220 1656 1273; x_wconf 87' lang='lat' dir='ltr'>triennium</span> <span class='ocrx_word' id='word_1_109' title='bbox 1702 1240 1791 1291; x_wconf 87' lang='lat' dir='ltr'>pe·</span> 
     </span>
     <span class='ocr_line' id='line_1_16' title="bbox 144 1294 1858 1363; baseline -0.001 -16"><span class='ocrx_word' id='word_1_110' title='bbox 144 1297 344 1363; x_wconf 89' lang='lat' dir='ltr'>terent,</span> <span class='ocrx_word' id='word_1_111' title='bbox 375 1298 436 1348; x_wconf 91' lang='lat' dir='ltr'>ut</span> <span class='ocrx_word' id='word_1_112' title='bbox 468 1313 592 1348; x_wconf 90' lang='lat' dir='ltr'>suos</span> <span class='ocrx_word' id='word_1_113' title='bbox 624 1294 957 1362; x_wconf 87' lang='lat' dir='ltr'>funerarent,</span> <span class='ocrx_word' id='word_1_114' title='bbox 987 1295 1295 1347; x_wconf 83' lang='lat' dir='ltr'>vulneratos</span> <span class='ocrx_word' id='word_1_115' title='bbox 1326 1298 1597 1363; x_wconf 89' lang='lat' dir='ltr'>curarent,</span> <span class='ocrx_word' id='word_1_116' title='bbox 1627 1313 1791 1349; x_wconf 86' lang='lat' dir='ltr'>naves</span> <span class='ocrx_word' id='word_1_117' title='bbox 1817 1313 1858 1346; x_wconf 87' lang='lat'>15</span> 
     </span>
     <span class='ocr_line' id='line_1_17' title="bbox 141 1368 1790 1437; baseline 0.001 -16"><span class='ocrx_word' id='word_1_118' title='bbox 141 1368 443 1436; x_wconf 89' lang='lat' dir='ltr'>reficerent,</span> <span class='ocrx_word' id='word_1_119' title='bbox 490 1368 779 1421; x_wconf 89' lang='lat' dir='ltr'>exercitum</span> <span class='ocrx_word' id='word_1_120' title='bbox 825 1371 1223 1437; x_wconf 81' lang='lat' dir='ltr'>compararent,</span> <span class='ocrx_word' id='word_1_121' title='bbox 1269 1372 1628 1422; x_wconf 87' lang='lat' dir='ltr'>commeatum</span> <span class='ocrx_word' id='word_1_122' title='bbox 1668 1388 1790 1423; x_wconf 93' lang='lat' dir='ltr'>con-</span> 
     </span>
     <span class='ocr_line' id='line_1_18' title="bbox 142 1440 1791 1496; baseline 0.001 -2"><span class='ocrx_word' id='word_1_123' title='bbox 142 1442 415 1495; x_wconf 88' lang='lat' dir='ltr'>ueherent.</span> <span class='ocrx_word' id='word_1_124' title='bbox 506 1441 691 1495; x_wconf 87' lang='lat' dir='ltr'>Ulixes</span> <span class='ocrx_word' id='word_1_125' title='bbox 746 1446 799 1495; x_wconf 92' lang='lat' dir='ltr'>et</span> <span class='ocrx_word' id='word_1_126' title='bbox 851 1440 1138 1495; x_wconf 86' lang='lat' dir='ltr'>Diomedes</span> <span class='ocrx_word' id='word_1_127' title='bbox 1191 1446 1356 1495; x_wconf 89' lang='lat' dir='ltr'>noctu</span> <span class='ocrx_word' id='word_1_128' title='bbox 1407 1442 1474 1495; x_wconf 80' lang='lat' dir='ltr'>ad</span> <span class='ocrx_word' id='word_1_129' title='bbox 1518 1441 1791 1496; x_wconf 88' lang='lat' dir='ltr'>Priamum</span> 
     </span>
     <span class='ocr_line' id='line_1_19' title="bbox 143 1515 1791 1586; baseline 0.002 -18"><span class='ocrx_word' id='word_1_130' title='bbox 143 1515 349 1569; x_wconf 82' lang='lat' dir='ltr'>vadunt</span> <span class='ocrx_word' id='word_1_131' title='bbox 403 1516 629 1586; x_wconf 89' lang='lat' dir='ltr'>[legati].</span> <span class='ocrx_word' id='word_1_132' title='bbox 722 1515 954 1570; x_wconf 88' lang='lat' dir='ltr'>occurrit</span> <span class='ocrx_word' id='word_1_133' title='bbox 1013 1515 1121 1569; x_wconf 90' lang='lat' dir='ltr'>illis</span> <span class='ocrx_word' id='word_1_134' title='bbox 1177 1533 1242 1568; x_wconf 89' lang='lat' dir='ltr'>ex</span> <span class='ocrx_word' id='word_1_135' title='bbox 1295 1516 1542 1570; x_wconf 85' lang='lat' dir='ltr'>Troianis</span> <span class='ocrx_word' id='word_1_136' title='bbox 1597 1516 1791 1571; x_wconf 90' lang='lat' dir='ltr'>Dolon.</span> 
     </span>
     <span class='ocr_line' id='line_1_20' title="bbox 143 1589 1792 1661; baseline 0.001 -19"><span class='ocrx_word' id='word_1_137' title='bbox 143 1589 238 1658; x_wconf 89' lang='lat' dir='ltr'>qui</span> <span class='ocrx_word' id='word_1_138' title='bbox 277 1607 398 1643; x_wconf 91' lang='lat' dir='ltr'>cum</span> <span class='ocrx_word' id='word_1_139' title='bbox 436 1590 815 1660; x_wconf 86' lang='lat' dir='ltr'>interrogaret,</span> <span class='ocrx_word' id='word_1_140' title='bbox 864 1589 990 1660; x_wconf 90' lang='lat' dir='ltr'>quid</span> <span class='ocrx_word' id='word_1_141' title='bbox 1039 1590 1117 1643; x_wconf 88' lang='lat' dir='ltr'>ita</span> <span class='ocrx_word' id='word_1_142' title='bbox 1156 1590 1350 1642; x_wconf 87' lang='lat' dir='ltr'>armati</span> <span class='ocrx_word' id='word_1_143' title='bbox 1387 1594 1552 1643; x_wconf 90' lang='lat' dir='ltr'>noctu</span> <span class='ocrx_word' id='word_1_144' title='bbox 1593 1590 1660 1643; x_wconf 90' lang='lat' dir='ltr'>ad</span> <span class='ocrx_word' id='word_1_145' title='bbox 1700 1610 1792 1661; x_wconf 91' lang='lat' dir='ltr'>op-</span> 
     </span>
     <span class='ocr_line' id='line_1_21' title="bbox 143 1662 1861 1736; baseline 0.001 -21"><span class='ocrx_word' id='word_1_146' title='bbox 143 1662 331 1731; x_wconf 87' lang='lat' dir='ltr'>pidum</span> <span class='ocrx_word' id='word_1_147' title='bbox 369 1663 663 1732; x_wconf 86' lang='lat' dir='ltr'>venissent,</span> <span class='ocrx_word' id='word_1_148' title='bbox 712 1664 960 1717; x_wconf 86' lang='lat' dir='ltr'>dixerunt</span> <span class='ocrx_word' id='word_1_149' title='bbox 999 1681 1053 1716; x_wconf 90' lang='lat' dir='ltr'>se</span> <span class='ocrx_word' id='word_1_150' title='bbox 1094 1665 1162 1716; x_wconf 90' lang='lat' dir='ltr'>ab</span> <span class='ocrx_word' id='word_1_151' title='bbox 1202 1663 1611 1734; x_wconf 86' lang='lat' dir='ltr'>Agamemnone</span> <span class='ocrx_word' id='word_1_152' title='bbox 1651 1665 1793 1736; x_wconf 88' lang='lat' dir='ltr'>lega·</span> <span class='ocrx_word' id='word_1_153' title='bbox 1818 1682 1861 1713; x_wconf 80' lang='lat'>20</span> 
     </span>
     <span class='ocr_line' id='line_1_22' title="bbox 141 1736 1793 1808; baseline 0.002 -19"><span class='ocrx_word' id='word_1_154' title='bbox 141 1739 232 1790; x_wconf 90' lang='lat' dir='ltr'>tos</span> <span class='ocrx_word' id='word_1_155' title='bbox 279 1737 348 1790; x_wconf 87' lang='lat' dir='ltr'>ad</span> <span class='ocrx_word' id='word_1_156' title='bbox 392 1736 668 1791; x_wconf 89' lang='lat' dir='ltr'>Priamum</span> <span class='ocrx_word' id='word_1_157' title='bbox 714 1738 923 1791; x_wconf 66' lang='lat' dir='ltr'>missos</span> <span class='ocrx_word' id='word_1_158' title='bbox 1011 1756 1145 1808; x_wconf 91' lang='lat' dir='ltr'>quos</span> <span class='ocrx_word' id='word_1_159' title='bbox 1192 1742 1252 1790; x_wconf 92' lang='lat' dir='ltr'>ut</span> <span class='ocrx_word' id='word_1_160' title='bbox 1298 1738 1502 1791; x_wconf 87' lang='lat' dir='ltr'>audivit</span> <span class='ocrx_word' id='word_1_161' title='bbox 1547 1737 1793 1792; x_wconf 89' lang='lat' dir='ltr'>Priamus</span> 
     </span>
     <span class='ocr_line' id='line_1_23' title="bbox 145 1810 1794 1881; baseline 0.002 -19"><span class='ocrx_word' id='word_1_162' title='bbox 145 1810 355 1863; x_wconf 86' lang='lat' dir='ltr'>venisse</span> <span class='ocrx_word' id='word_1_163' title='bbox 395 1814 448 1864; x_wconf 92' lang='lat' dir='ltr'>et</span> <span class='ocrx_word' id='word_1_164' title='bbox 486 1811 806 1866; x_wconf 89' lang='lat' dir='ltr'>desiderium</span> <span class='ocrx_word' id='word_1_165' title='bbox 846 1831 1002 1865; x_wconf 91' lang='lat' dir='ltr'>suum</span> <span class='ocrx_word' id='word_1_166' title='bbox 1041 1812 1374 1881; x_wconf 88' lang='lat' dir='ltr'>exposuisse,</span> <span class='ocrx_word' id='word_1_167' title='bbox 1413 1812 1471 1864; x_wconf 89' lang='lat' dir='ltr'>in</span> <span class='ocrx_word' id='word_1_168' title='bbox 1509 1813 1794 1866; x_wconf 92' lang='lat' dir='ltr'>consilium</span> 
     </span>
     <span class='ocr_line' id='line_1_24' title="bbox 143 1885 1794 1956; baseline 0.002 -20"><span class='ocrx_word' id='word_1_169' title='bbox 143 1895 334 1937; x_wconf 86' lang='lat' dir='ltr'>omnes</span> <span class='ocrx_word' id='word_1_170' title='bbox 373 1885 531 1938; x_wconf 90' lang='lat' dir='ltr'>duces</span> <span class='ocrx_word' id='word_1_171' title='bbox 571 1890 851 1955; x_wconf 87' lang='lat' dir='ltr'>convocat,</span> <span class='ocrx_word' id='word_1_172' title='bbox 900 1887 1093 1956; x_wconf 84' lang='lat' dir='ltr'>quibus</span> <span class='ocrx_word' id='word_1_173' title='bbox 1132 1886 1298 1939; x_wconf 89' lang='lat' dir='ltr'>refert</span> <span class='ocrx_word' id='word_1_174' title='bbox 1335 1886 1544 1956; x_wconf 83' lang='lat' dir='ltr'>legatos</span> <span class='ocrx_word' id='word_1_175' title='bbox 1583 1887 1794 1940; x_wconf 88' lang='lat' dir='ltr'>venisse</span> 
     </span>
     <span class='ocr_line' id='line_1_25' title="bbox 146 1957 1793 2029; baseline 0.003 -20"><span class='ocrx_word' id='word_1_176' title='bbox 146 1957 215 2010; x_wconf 86' lang='lat' dir='ltr'>ab</span> <span class='ocrx_word' id='word_1_177' title='bbox 254 1957 687 2028; x_wconf 86' lang='lat' dir='ltr'>Agamemnone,</span> <span class='ocrx_word' id='word_1_178' title='bbox 726 1964 786 2013; x_wconf 92' lang='lat' dir='ltr'>ut</span> <span class='ocrx_word' id='word_1_179' title='bbox 829 1960 1065 2012; x_wconf 87' lang='lat' dir='ltr'>indutias</span> <span class='ocrx_word' id='word_1_180' title='bbox 1106 1960 1163 2012; x_wconf 91' lang='lat' dir='ltr'>in</span> <span class='ocrx_word' id='word_1_181' title='bbox 1201 1960 1496 2012; x_wconf 79' lang='lat' dir='ltr'>triennium</span> <span class='ocrx_word' id='word_1_182' title='bbox 1535 1964 1793 2029; x_wconf 88' lang='lat' dir='ltr'>peterent.</span> 
     </span>
     <span class='ocr_line' id='line_1_26' title="bbox 146 2029 1858 2104; baseline 0.003 -21"><span class='ocrx_word' id='word_1_183' title='bbox 146 2029 367 2085; x_wconf 88' lang='lat' dir='ltr'>Hectori</span> <span class='ocrx_word' id='word_1_184' title='bbox 397 2037 702 2102; x_wconf 90' lang='lat' dir='ltr'>suspectum</span> <span class='ocrx_word' id='word_1_185' title='bbox 733 2033 943 2087; x_wconf 84' lang='lat' dir='ltr'>videtur</span> <span class='ocrx_word' id='word_1_186' title='bbox 982 2033 1124 2103; x_wconf 89' lang='lat' dir='ltr'>quod</span> <span class='ocrx_word' id='word_1_187' title='bbox 1162 2037 1275 2086; x_wconf 87' lang='lat' dir='ltr'>tam</span> <span class='ocrx_word' id='word_1_188' title='bbox 1314 2034 1538 2103; x_wconf 81' lang='lat' dir='ltr'>longum</span> <span class='ocrx_word' id='word_1_189' title='bbox 1575 2036 1788 2104; x_wconf 90' lang='lat' dir='ltr'>tempus</span> <span class='ocrx_word' id='word_1_190' title='bbox 1816 2049 1858 2082; x_wconf 80' lang='lat'>25</span> 
     </span>
    </p>
   </div>
   <div class='ocr_carea' id='block_1_3' title="bbox 148 2146 504 2157">
    <p class='ocr_par' dir='ltr' id='par_1_3' title="bbox 148 2146 504 2157">
     <span class='ocr_line' id='line_1_27' title="bbox 148 2146 504 2157; baseline 0 1021"><span class='ocrx_word' id='word_1_191' title='bbox 148 2146 504 2157; x_wconf 95' lang='lat' dir='ltr'> </span> 
     </span>
    </p>
   </div>
   <div class='ocr_carea' id='block_1_4' title="bbox 146 2206 1800 2857">
    <p class='ocr_par' dir='ltr' id='par_1_4' title="bbox 146 2206 1800 2857">
     <span class='ocr_line' id='line_1_28' title="bbox 270 2206 1798 2254; baseline 0.003 -5"><span class='ocrx_word' id='word_1_192' title='bbox 270 2210 291 2250; x_wconf 91' lang='lat'>1</span> <span class='ocrx_word' id='word_1_193' title='bbox 326 2206 500 2251; x_wconf 88' lang='lat' dir='ltr'>troiani</span> <span class='ocrx_word' id='word_1_194' title='bbox 538 2206 623 2251; x_wconf 90' lang='lat' dir='ltr'>leti</span> <span class='ocrx_word' id='word_1_195' title='bbox 661 2207 704 2253; x_wconf 99' lang='lat' dir='ltr'><em>G</em></span> <span class='ocrx_word' id='word_1_196' title='bbox 824 2213 849 2253; x_wconf 84' lang='lat'>2</span> <span class='ocrx_word' id='word_1_197' title='bbox 890 2208 940 2252; x_wconf 89' lang='lat' dir='ltr'>in</span> <span class='ocrx_word' id='word_1_198' title='bbox 979 2222 1100 2253; x_wconf 90' lang='lat' dir='ltr'>cons.</span> <span class='ocrx_word' id='word_1_199' title='bbox 1143 2208 1186 2253; x_wconf 86' lang='lat' dir='ltr'>d.</span> <span class='ocrx_word' id='word_1_200' title='bbox 1228 2210 1458 2253; x_wconf 86' lang='lat' dir='ltr'>conuocat</span> <span class='ocrx_word' id='word_1_201' title='bbox 1505 2208 1547 2253; x_wconf 91' lang='lat' dir='ltr'><em>G</em></span> <span class='ocrx_word' id='word_1_202' title='bbox 1675 2214 1701 2254; x_wconf 89' lang='lat'><strong>3</strong></span> <span class='ocrx_word' id='word_1_203' title='bbox 1745 2212 1798 2254; x_wconf 80' lang='lat' dir='ltr'>ut</span> 
     </span>
     <span class='ocr_line' id='line_1_29' title="bbox 146 2263 1795 2326; baseline 0.003 -18"><span class='ocrx_word' id='word_1_204' title='bbox 146 2275 232 2309; x_wconf 86' lang='lat' dir='ltr'>om.</span> <span class='ocrx_word' id='word_1_205' title='bbox 267 2263 310 2309; x_wconf 91' lang='lat' dir='ltr'><em>G</em></span> <span class='ocrx_word' id='word_1_206' title='bbox 429 2270 456 2310; x_wconf 85' lang='lat'>5</span> <span class='ocrx_word' id='word_1_207' title='bbox 496 2265 636 2310; x_wconf 91' lang='lat' dir='ltr'>cotid.</span> <span class='ocrx_word' id='word_1_208' title='bbox 677 2280 747 2311; x_wconf 90' lang='lat' dir='ltr'>ex.</span> <span class='ocrx_word' id='word_1_209' title='bbox 780 2267 837 2312; x_wconf 90' lang='lat' dir='ltr'>de</span> <span class='ocrx_word' id='word_1_210' title='bbox 875 2267 1052 2312; x_wconf 86' lang='lat' dir='ltr'>moesia</span> <span class='ocrx_word' id='word_1_211' title='bbox 1092 2282 1192 2325; x_wconf 91' lang='lat' dir='ltr'>sup.</span> <span class='ocrx_word' id='word_1_212' title='bbox 1234 2266 1277 2312; x_wconf 92' lang='lat' dir='ltr'><em>G</em></span> <span class='ocrx_word' id='word_1_213' title='bbox 1398 2273 1424 2312; x_wconf 87' lang='grc'><strong>6</strong></span> <span class='ocrx_word' id='word_1_214' title='bbox 1466 2266 1541 2312; x_wconf 89' lang='lat' dir='ltr'>die</span> <span class='ocrx_word' id='word_1_215' title='bbox 1579 2281 1680 2326; x_wconf 79' lang='lat' dir='ltr'>sup.</span> <span class='ocrx_word' id='word_1_216' title='bbox 1714 2269 1795 2314; x_wconf 76' lang='lat' dir='ltr'>lin.</span> 
     </span>
     <span class='ocr_line' id='line_1_30' title="bbox 152 2321 1794 2385; baseline 0.002 -18"><span class='ocrx_word' id='word_1_217' title='bbox 152 2322 261 2368; x_wconf 82' lang='lat' dir='ltr'>add.</span> <span class='ocrx_word' id='word_1_218' title='bbox 294 2321 337 2367; x_wconf 87' lang='lat' dir='ltr'><strong><em>L</em></strong></span> <span class='ocrx_word' id='word_1_219' title='bbox 456 2328 482 2370; x_wconf 82' lang='lat'>8</span> <span class='ocrx_word' id='word_1_220' title='bbox 524 2337 592 2369; x_wconf 86' lang='lat' dir='ltr'>ex.</span> <span class='ocrx_word' id='word_1_221' title='bbox 626 2340 669 2369; x_wconf 91' lang='lat' dir='ltr'>u.</span> <span class='ocrx_word' id='word_1_222' title='bbox 702 2326 769 2385; x_wconf 89' lang='lat' dir='ltr'>p.]</span> <span class='ocrx_word' id='word_1_223' title='bbox 802 2325 1037 2382; x_wconf 87' lang='lat' dir='ltr'>utrimque</span> <span class='ocrx_word' id='word_1_224' title='bbox 1070 2325 1112 2371; x_wconf 98' lang='lat' dir='ltr'><em>G</em></span> <span class='ocrx_word' id='word_1_225' title='bbox 1236 2331 1290 2371; x_wconf 93' lang='lat'>10</span> <span class='ocrx_word' id='word_1_226' title='bbox 1335 2326 1450 2371; x_wconf 88' lang='lat' dir='ltr'>adeo</span> <span class='ocrx_word' id='word_1_227' title='bbox 1489 2328 1544 2371; x_wconf 93' lang='lat' dir='ltr'>ut</span> <span class='ocrx_word' id='word_1_228' title='bbox 1575 2325 1619 2371; x_wconf 91' lang='lat' dir='ltr'><em>G</em></span> <span class='ocrx_word' id='word_1_229' title='bbox 1742 2333 1794 2372; x_wconf 91' lang='lat'>11</span> 
     </span>
     <span class='ocr_line' id='line_1_31' title="bbox 153 2381 1798 2431; baseline 0.002 -5"><span class='ocrx_word' id='word_1_230' title='bbox 153 2381 364 2427; x_wconf 84' lang='lat' dir='ltr'>animose</span> <span class='ocrx_word' id='word_1_231' title='bbox 395 2395 477 2427; x_wconf 85' lang='lat' dir='ltr'>om.</span> <span class='ocrx_word' id='word_1_232' title='bbox 511 2382 554 2428; x_wconf 92' lang='lat' dir='ltr'><em>G</em></span> <span class='ocrx_word' id='word_1_233' title='bbox 676 2390 729 2429; x_wconf 80' lang='lat'>12</span> <span class='ocrx_word' id='word_1_234' title='bbox 769 2385 933 2430; x_wconf 88' lang='lat' dir='ltr'>cadere</span> <span class='ocrx_word' id='word_1_235' title='bbox 970 2385 1013 2430; x_wconf 91' lang='lat' dir='ltr'><em>G</em></span> <span class='ocrx_word' id='word_1_236' title='bbox 1135 2390 1188 2429; x_wconf 89' lang='lat'>13</span> <span class='ocrx_word' id='word_1_237' title='bbox 1228 2384 1398 2430; x_wconf 83' lang='lat' dir='ltr'>Ulixen</span> <span class='ocrx_word' id='word_1_238' title='bbox 1438 2387 1485 2430; x_wconf 90' lang='lat' dir='ltr'>et</span> <span class='ocrx_word' id='word_1_239' title='bbox 1523 2385 1798 2431; x_wconf 85' lang='lat' dir='ltr'>Diomedem</span> 
     </span>
     <span class='ocr_line' id='line_1_32' title="bbox 146 2440 1797 2502; baseline 0.004 -18"><span class='ocrx_word' id='word_1_240' title='bbox 146 2453 231 2485; x_wconf 88' lang='lat' dir='ltr'>om.</span> <span class='ocrx_word' id='word_1_241' title='bbox 272 2440 315 2484; x_wconf 89' lang='lat' dir='ltr'><strong><em>L</em></strong></span> <span class='ocrx_word' id='word_1_242' title='bbox 459 2447 514 2486; x_wconf 84' lang='lat'>14</span> <span class='ocrx_word' id='word_1_243' title='bbox 555 2442 624 2501; x_wconf 90' lang='lat' dir='ltr'>in]</span> <span class='ocrx_word' id='word_1_244' title='bbox 667 2443 727 2488; x_wconf 85' lang='lat' dir='ltr'>ad</span> <span class='ocrx_word' id='word_1_245' title='bbox 766 2444 808 2487; x_wconf 89' lang='lat' dir='ltr'><em>L</em></span> <span class='ocrx_word' id='word_1_246' title='bbox 843 2447 849 2499; x_wconf 75' lang='lat' dir='ltr'>i</span> <span class='ocrx_word' id='word_1_247' title='bbox 883 2445 1112 2502; x_wconf 83' lang='lat' dir='ltr'>peterent.</span> <span class='ocrx_word' id='word_1_248' title='bbox 1175 2443 1334 2489; x_wconf 84' lang='lat' dir='ltr'>Ulixes</span> <span class='ocrx_word' id='word_1_249' title='bbox 1374 2445 1421 2488; x_wconf 91' lang='lat' dir='ltr'>et</span> <span class='ocrx_word' id='word_1_250' title='bbox 1461 2443 1698 2490; x_wconf 87' lang='lat' dir='ltr'>diomedes</span> <span class='ocrx_word' id='word_1_251' title='bbox 1737 2445 1797 2490; x_wconf 89' lang='lat' dir='ltr'>ad</span> 
     </span>
     <span class='ocr_line' id='line_1_33' title="bbox 150 2498 1799 2560; baseline 0.004 -18"><span class='ocrx_word' id='word_1_252' title='bbox 150 2498 390 2544; x_wconf 86' lang='lat' dir='ltr'>Priamum</span> <span class='ocrx_word' id='word_1_253' title='bbox 427 2500 636 2546; x_wconf 82' lang='lat' dir='ltr'>veniunt.</span> <span class='ocrx_word' id='word_1_254' title='bbox 707 2503 922 2548; x_wconf 87' lang='lat' dir='ltr'>Inducias</span> <span class='ocrx_word' id='word_1_255' title='bbox 963 2502 1084 2548; x_wconf 83' lang='lat' dir='ltr'>sicut</span> <span class='ocrx_word' id='word_1_256' title='bbox 1125 2502 1394 2559; x_wconf 88' lang='lat' dir='ltr'>inperatum</span> <span class='ocrx_word' id='word_1_257' title='bbox 1432 2505 1505 2548; x_wconf 88' lang='lat' dir='ltr'>est</span> <span class='ocrx_word' id='word_1_258' title='bbox 1553 2504 1799 2560; x_wconf 82' lang='lat' dir='ltr'>postulant</span> 
     </span>
     <span class='ocr_line' id='line_1_34' title="bbox 148 2558 1796 2619; baseline 0.004 -18"><span class='ocrx_word' id='word_1_259' title='bbox 148 2559 205 2602; x_wconf 89' lang='lat' dir='ltr'>ut</span> <span class='ocrx_word' id='word_1_260' title='bbox 252 2558 295 2601; x_wconf 87' lang='lat' dir='ltr'><strong><em>L</em></strong></span> <span class='ocrx_word' id='word_1_261' title='bbox 440 2565 492 2604; x_wconf 86' lang='lat'>15</span> <span class='ocrx_word' id='word_1_262' title='bbox 545 2559 760 2606; x_wconf 86' lang='lat' dir='ltr'>funerare</span> <span class='ocrx_word' id='word_1_263' title='bbox 809 2565 1001 2619; x_wconf 82' lang='lat' dir='ltr'>possent</span> <span class='ocrx_word' id='word_1_264' title='bbox 1047 2564 1095 2608; x_wconf 86' lang='lat' dir='ltr'>et</span> <span class='ocrx_word' id='word_1_265' title='bbox 1141 2575 1303 2606; x_wconf 90' lang='lat' dir='ltr'>curare</span> <span class='ocrx_word' id='word_1_266' title='bbox 1351 2565 1398 2606; x_wconf 88' lang='lat' dir='ltr'>et</span> <span class='ocrx_word' id='word_1_267' title='bbox 1438 2561 1481 2607; x_wconf 88' lang='lat' dir='ltr'><em>G</em></span> <span class='ocrx_word' id='word_1_268' title='bbox 1626 2568 1680 2608; x_wconf 82' lang='lat'>16</span> <span class='ocrx_word' id='word_1_269' title='bbox 1726 2577 1796 2608; x_wconf 88' lang='lat' dir='ltr'>re-</span> 
     </span>
     <span class='ocr_line' id='line_1_35' title="bbox 148 2615 1800 2679; baseline 0.004 -20"><span class='ocrx_word' id='word_1_270' title='bbox 148 2615 342 2661; x_wconf 90' lang='lat' dir='ltr'>ficerent</span> <span class='ocrx_word' id='word_1_271' title='bbox 380 2621 428 2662; x_wconf 86' lang='lat' dir='ltr'>et</span> <span class='ocrx_word' id='word_1_272' title='bbox 459 2616 502 2663; x_wconf 89' lang='lat' dir='ltr'><em>G</em></span> <span class='ocrx_word' id='word_1_273' title='bbox 529 2621 534 2675; x_wconf 84' lang='lat'>1</span> <span class='ocrx_word' id='word_1_274' title='bbox 562 2623 836 2678; x_wconf 86' lang='lat' dir='ltr'>repararent</span> <span class='ocrx_word' id='word_1_275' title='bbox 867 2620 909 2666; x_wconf 91' lang='lat' dir='ltr'><em>G</em></span> <span class='ocrx_word' id='word_1_276' title='bbox 935 2621 941 2679; x_wconf 74' lang='grc' dir='ltr'>Ι</span> <span class='ocrx_word' id='word_1_277' title='bbox 970 2623 1348 2677; x_wconf 88' lang='lat' dir='ltr'>commeatusque</span> <span class='ocrx_word' id='word_1_278' title='bbox 1381 2620 1424 2665; x_wconf 95' lang='lat' dir='ltr'><em>G</em></span> <span class='ocrx_word' id='word_1_279' title='bbox 1451 2624 1456 2676; x_wconf 87' lang='grc'>1</span> <span class='ocrx_word' id='word_1_280' title='bbox 1485 2622 1800 2667; x_wconf 83' lang='lat' dir='ltr'>conueherent</span> 
     </span>
     <span class='ocr_line' id='line_1_36' title="bbox 149 2676 1800 2737; baseline 0.005 -19"><span class='ocrx_word' id='word_1_281' title='bbox 149 2676 390 2731; x_wconf 82' lang='lat' dir='ltr'>(superscr.</span> <span class='ocrx_word' id='word_1_282' title='bbox 430 2678 760 2736; x_wconf 88' lang='lat' dir='ltr'>subueherent)</span> <span class='ocrx_word' id='word_1_283' title='bbox 799 2679 843 2723; x_wconf 89' lang='lat' dir='ltr'><strong><em>L</em></strong></span> <span class='ocrx_word' id='word_1_284' title='bbox 903 2682 1126 2737; x_wconf 85' lang='lat' dir='ltr'>pararent</span> <span class='ocrx_word' id='word_1_285' title='bbox 1165 2678 1207 2724; x_wconf 95' lang='lat' dir='ltr'><em>G</em></span> <span class='ocrx_word' id='word_1_286' title='bbox 1331 2684 1383 2724; x_wconf 90' lang='lat'>18</span> <span class='ocrx_word' id='word_1_287' title='bbox 1425 2679 1468 2724; x_wconf 90' lang='lat' dir='ltr'>le</span> <span class='ocrx_word' id='word_1_288' title='bbox 1507 2714 1517 2725; x_wconf 90' lang='lat'><strong>.</strong></span> <span class='ocrx_word' id='word_1_289' title='bbox 1557 2679 1618 2725; x_wconf 89' lang='lat' dir='ltr'>ad</span> <span class='ocrx_word' id='word_1_290' title='bbox 1648 2680 1722 2725; x_wconf 89' lang='lat' dir='ltr'>Pr.</span> <span class='ocrx_word' id='word_1_291' title='bbox 1757 2679 1800 2726; x_wconf 94' lang='lat' dir='ltr'><em>G</em></span> 
     </span>
     <span class='ocr_line' id='line_1_37' title="bbox 153 2733 1799 2800; baseline 0.004 -23"><span class='ocrx_word' id='word_1_292' title='bbox 153 2733 302 2800; x_wconf 71' lang='lat' dir='ltr'>legati</span> <span class='ocrx_word' id='word_1_293' title='bbox 344 2747 427 2780; x_wconf 85' lang='lat' dir='ltr'>om.</span> <span class='ocrx_word' id='word_1_294' title='bbox 465 2737 512 2780; x_wconf 84' lang='lat' dir='ltr'>A</span> <span class='ocrx_word' id='word_1_295' title='bbox 550 2750 644 2781; x_wconf 67' lang='lat' dir='ltr'>‘non</span> <span class='ocrx_word' id='word_1_296' title='bbox 680 2738 796 2783; x_wconf 82' lang='lat' dir='ltr'>male</span> <span class='ocrx_word' id='word_1_297' title='bbox 934 2744 986 2783; x_wconf 88' lang='lat'>19</span> <span class='ocrx_word' id='word_1_298' title='bbox 1031 2738 1433 2797; x_wconf 82' lang='lat' dir='ltr'>interrogarentur</span> <span class='ocrx_word' id='word_1_299' title='bbox 1554 2742 1560 2795; x_wconf 86' lang='grc' dir='ltr'>Ι</span> <span class='ocrx_word' id='word_1_300' title='bbox 1596 2754 1716 2796; x_wconf 89' lang='lat' dir='ltr'>quur</span> <span class='ocrx_word' id='word_1_301' title='bbox 1756 2740 1799 2783; x_wconf 83' lang='lat' dir='ltr'><em>L</em></span> 
     </span>
     <span class='ocr_line' id='line_1_38' title="bbox 151 2791 1797 2857; baseline 0.004 -21"><span class='ocrx_word' id='word_1_302' title='bbox 151 2791 268 2848; x_wconf 79' lang='lat' dir='ltr'>quid</span> <span class='ocrx_word' id='word_1_303' title='bbox 300 2791 343 2837; x_wconf 90' lang='lat' dir='ltr'><em>G</em></span> <span class='ocrx_word' id='word_1_304' title='bbox 462 2799 517 2838; x_wconf 81' lang='lat'>21</span> <span class='ocrx_word' id='word_1_305' title='bbox 550 2795 715 2841; x_wconf 89' lang='lat' dir='ltr'>missos</span> <span class='ocrx_word' id='word_1_306' title='bbox 747 2810 846 2842; x_wconf 84' lang='lat' dir='ltr'>esse</span> <span class='ocrx_word' id='word_1_307' title='bbox 880 2796 922 2843; x_wconf 90' lang='lat' dir='ltr'><em>G</em></span> <span class='ocrx_word' id='word_1_308' title='bbox 1043 2802 1098 2841; x_wconf 82' lang='lat'>23</span> <span class='ocrx_word' id='word_1_309' title='bbox 1132 2797 1412 2842; x_wconf 82' lang='lat' dir='ltr'>conuocauit</span> <span class='ocrx_word' id='word_1_310' title='bbox 1443 2812 1485 2853; x_wconf 89' lang='lat' dir='ltr'>q.</span> <span class='ocrx_word' id='word_1_311' title='bbox 1512 2812 1547 2842; x_wconf 88' lang='lat' dir='ltr'>r.</span> <span class='ocrx_word' id='word_1_312' title='bbox 1572 2797 1604 2841; x_wconf 93' lang='grc'>1.</span> <span class='ocrx_word' id='word_1_313' title='bbox 1631 2798 1691 2843; x_wconf 89' lang='lat' dir='ltr'>ab</span> <span class='ocrx_word' id='word_1_314' title='bbox 1724 2811 1797 2857; x_wconf 82' lang='lat' dir='ltr'>ag.</span> 
     </span>
    </p>
   </div>
   <div class='ocr_carea' id='block_1_5' title="bbox 149 2850 1801 2954">
    <p class='ocr_par' dir='ltr' id='par_1_5' title="bbox 149 2850 1801 2954">
     <span class='ocr_line' id='line_1_39' title="bbox 149 2850 1801 2954; baseline 0.004 -59"><span class='ocrx_word' id='word_1_315' title='bbox 149 2850 357 2954; x_wconf 51' lang='lat' dir='ltr'>gegigs}</span> <span class='ocrx_word' id='word_1_316' title='bbox 375 2854 422 2897; x_wconf 90' lang='lat' dir='ltr'>et</span> <span class='ocrx_word' id='word_1_317' title='bbox 459 2853 488 2897; x_wconf 87' lang='lat' dir='ltr'>i.</span> <span class='ocrx_word' id='word_1_318' title='bbox 530 2853 579 2898; x_wconf 89' lang='lat' dir='ltr'>in</span> <span class='ocrx_word' id='word_1_319' title='bbox 617 2856 674 2899; x_wconf 87' lang='lat' dir='ltr'>tr.</span> <span class='ocrx_word' id='word_1_320' title='bbox 715 2857 873 2912; x_wconf 86' lang='lat' dir='ltr'>petere</span> <span class='ocrx_word' id='word_1_321' title='bbox 913 2855 956 2901; x_wconf 91' lang='lat' dir='ltr'><em>G</em></span> <span class='ocrx_word' id='word_1_322' title='bbox 1084 2860 1140 2900; x_wconf 84' lang='lat'>25</span> <span class='ocrx_word' id='word_1_323' title='bbox 1181 2855 1294 2913; x_wconf 89' lang='lat' dir='ltr'>quia</span> <span class='ocrx_word' id='word_1_324' title='bbox 1331 2854 1375 2899; x_wconf 87' lang='lat' dir='ltr'><strong><em>L</em></strong></span> <span class='ocrx_word' id='word_1_325' title='bbox 1409 2858 1413 2911; x_wconf 74' lang='lat'>1</span> <span class='ocrx_word' id='word_1_326' title='bbox 1449 2861 1549 2900; x_wconf 85' lang='lat' dir='ltr'>tam</span> <span class='ocrx_word' id='word_1_327' title='bbox 1588 2869 1670 2902; x_wconf 84' lang='lat' dir='ltr'>om..</span> <span class='ocrx_word' id='word_1_328' title='bbox 1704 2857 1801 2903; x_wconf 90' lang='lat' dir='ltr'><em>LG</em></span> 
     </span>
     <span class='ocr_line' id='line_1_40' title="bbox 183 2923 370 2954; baseline 0.005 -1"><span class='ocrx_word' id='word_1_329' title='bbox 183 2923 211 2953; x_wconf 86' lang='grc' dir='ltr'>α-</span> <span class='ocrx_word' id='word_1_330' title='bbox 242 2923 263 2954; x_wconf 86' lang='lat' dir='ltr'>e</span> <span class='ocrx_word' id='word_1_331' title='bbox 362 2946 370 2954; x_wconf 94' lang='lat'>.</span> 
     </span>
    </p>
   </div>
  </div>
 </body>
</html>
