1956 3178
189 120 288 172 128

180 249 334 290 lumen
351 250 443 291 scil.
464 248 567 289 solis
587 249 789 298 ereptum
810 246 877 296 16,
898 247 949 287 15

181 305 275 346 lux,
340 304 460 344 lucis
517 302 743 355 principio
793 303 863 351 47,
897 304 948 342 13

211 362 280 412 59,
311 363 336 402 3
390 362 458 411 63,
490 359 544 398 26
596 360 663 410 73,
696 359 751 398 34
816 358 949 398 initio

210 419 281 470 89,
303 418 356 457 22
388 418 455 464 94,
479 417 532 455 23
565 426 667 454 cum
686 413 786 454 luce
815 414 950 455 simul

209 475 278 523 45,
302 475 329 513 4
359 473 428 521 59,
453 471 505 511 18
531 472 599 521 90,
618 472 668 511 31
692 470 824 510 simul
848 483 950 510 cum

211 529 315 570 luce
367 529 437 581 73,
468 528 496 567 4
533 527 601 576 80,
630 528 685 568 28
740 527 788 566 in
846 526 949 567 luce

212 585 326 626 belli
355 582 556 625 interfici
586 584 654 633 80,
681 584 733 623 10

184 697 335 748 Magis
402 697 450 735 in
519 707 623 735 suos
692 694 955 747 superbiam

216 764 432 792 exercere
470 752 540 801 85,
564 752 618 792 29
667 751 769 802 quis
806 751 954 804 magis

212 808 353 848 libido
390 807 756 859 desideriumque
797 807 847 846 in
886 807 954 848 fe-

212 865 350 917 mina,
386 876 522 916 quam
554 876 729 903 summa
759 862 954 903 militiae

216 922 398 973 potiora
449 920 604 961 forent
653 921 723 971 99,
752 920 806 959 25
863 932 955 960 non

213 976 467 1018 Plisthenis
498 976 646 1029 magis
669 988 804 1027 quam
825 974 955 1015 Atrei

215 1033 489 1073 dicebantur
538 1034 579 1083 3,
616 1033 671 1072 25
744 1031 793 1070 in
857 1032 954 1071 dies

215 1089 365 1141 magis
404 1088 643 1141 magisque
687 1088 754 1140 14,
794 1088 846 1128 31
879 1089 950 1139 22,

218 1146 268 1184 11
302 1149 380 1187 etc.

186 1201 409 1253 magister
423 1213 595 1241 morum
610 1201 680 1247 40,
705 1201 729 1240 7
753 1212 808 1239 ac
826 1212 954 1252 prae-

215 1260 371 1309 ceptor
404 1255 691 1310 conponendi
718 1257 788 1307 41,
814 1258 864 1296 17

187 1312 485 1366 magnificare
521 1313 835 1365 praesentiam
866 1311 956 1363 dei,

217 1371 409 1410 revereri
439 1370 508 1421 36,
537 1370 587 1410 19

190 1424 433 1478 magnifice
466 1425 694 1466 transiere
730 1426 821 1467 scil.
857 1430 958 1464 tem·

216 1495 297 1534 pus
326 1483 366 1531 4,
399 1483 424 1520 2
458 1493 537 1521 eos
567 1481 769 1522 habuere
800 1482 842 1529 4,
875 1481 900 1520 8

188 1538 367 1590 magnis
400 1537 614 1590 precibus
645 1538 714 1588 29,
739 1539 792 1577 30

188 1594 236 1633 in
252 1594 401 1634 maius
421 1594 546 1633 fama
560 1592 827 1646 divulgatur
842 1594 884 1640 4,
903 1594 955 1633 27

217 1650 392 1691 maiora
422 1650 598 1690 viribus
631 1651 698 1701 19,
726 1652 751 1690 6

189 1705 307 1746 male
359 1718 580 1758 prospera
626 1705 827 1757 eruptio,
879 1704 957 1745 ad-

217 1775 345 1802 versa
381 1763 451 1812 45,
474 1763 528 1802 26
567 1761 684 1801 male
726 1760 956 1814 desipiens

219 1819 288 1868 85,
322 1820 374 1859 13

191 1875 311 1914 malo
359 1873 579 1924 omnium,
629 1875 689 1913 ad
726 1874 959 1925 perniciem

219 1931 394 1971 omnium
424 1930 493 1980 67,
516 1930 570 1969 26

190 1986 430 2036 mandare,
480 1987 678 2026 indicare
717 1986 786 2037 53,
818 1987 842 2025 2
893 1986 960 2025 ita

220 2043 277 2083 ab
316 2042 662 2095 Agamemnone
700 2041 962 2081 mandatum

222 2101 504 2150 acceperant
536 2099 603 2148 14,
625 2099 653 2138 4
691 2110 793 2138 cum
832 2110 962 2138 man-

221 2155 344 2194 datis
376 2154 560 2194 mittere
591 2155 659 2203 76,
683 2154 735 2194 19

192 2214 383 2251 manent
412 2222 481 2250 me
514 2209 661 2249 fastus
692 2210 762 2259 69,
787 2211 837 2249 11

194 2279 332 2307 manu
376 2266 591 2306 iniuriam
634 2265 962 2305 vindicandam

222 2322 311 2363 rati
343 2324 411 2375 18,
438 2323 488 2361 16
526 2320 674 2361 libelli
713 2322 761 2360 in
799 2334 961 2361 manus

223 2379 356 2419 nobis
387 2378 581 2419 veniunt
602 2379 640 2427 1,
667 2378 719 2416 14
749 2378 819 2417 uti
841 2378 962 2429 quis—

223 2447 308 2487 que
340 2435 390 2474 in
410 2446 570 2474 manus
599 2438 793 2474 venerat
815 2435 882 2484 18,
906 2434 959 2473 28

225 2492 300 2542 qui
330 2491 378 2530 in
408 2502 569 2530 manus
599 2491 823 2529 venerant
845 2490 913 2540 97,
935 2491 958 2529 9

223 2548 272 2586 in
301 2558 464 2586 manus
494 2544 731 2586 Diomedis
773 2545 960 2585 devenit

222 2603 292 2652 42,
326 2603 380 2642 23
421 2602 480 2641 ad
527 2614 689 2642 manus
731 2604 963 2641 certamen

225 2661 516 2710 processerat
546 2660 616 2710 33,
640 2659 693 2697 27
724 2658 773 2697 in
802 2668 963 2697 manus

222 2717 410 2754 ventum
442 2717 513 2754 est
542 2715 612 2764 38,
634 2715 688 2754 29
720 2714 802 2753 sub
836 2713 964 2753 cuius

224 2770 436 2810 manibus
467 2769 651 2809 excindi
673 2770 857 2810 Troiam
888 2768 963 2809 de*-

225 2829 347 2865 ceret
376 2827 445 2876 80,
470 2827 523 2865 14
554 2825 724 2865 bellum
754 2827 801 2866 in
821 2825 964 2865 mani-

225 2882 310 2921 bus
343 2885 413 2922 est
443 2883 511 2932 99,
542 2882 567 2921 8

670 120 864 162 INDEX
896 113 1302 162 LATINIT'ATIS.

1036 258 1161 286 mare
1193 246 1398 287 ablativus
1429 247 1524 297 108,
1552 248 1578 286 2
1619 247 1716 300 109,
1748 247 1803 287 14
1861 283 1866 285 Α
1931 215 1956 246 ‘¹⁵

1037 302 1391 352 matrimonium,
1429 304 1616 343 coniunx
1645 304 1715 354 34,
1746 302 1802 344 24

1064 358 1112 397 in
1171 357 1503 399 matrimonium
1570 357 1798 399 deducere

1064 415 1134 465 55,
1157 416 1182 455 9
1213 414 1505 455 matrimonio
1536 414 1624 455 sibi
1645 413 1803 455 adiun-

1066 482 1174 523 gere
1207 472 1275 522 84,
1298 472 1353 512 29

1036 527 1255 578 maxime,
1287 528 1524 579 lonqissz‘me
1554 528 1624 579 61,
1650 528 1701 567 12

1040 583 1213 623 meavit
1241 583 1389 636 Argos
1420 584 1488 630 35,
1512 585 1538 623 5

1040 638 1214 679 mederi
1243 639 1433 680 absolute
1463 641 1531 688 23,
1555 639 1610 679 34
1651 636 1809 680 adver-

1069 706 1146 735 sus
1176 707 1357 736 venena
1386 696 1457 747 26,
1481 696 1535 736 35

1040 750 1271 791 medicina
1303 763 1377 791 ars
1409 753 1477 804 11,
1502 753 1526 792 9

1042 820 1132 847 non
1167 807 1460 848 mediocriter
1489 807 1641 848 laetus
1661 809 1732 854 80,
1755 807 1810 848 25

1042 862 1217 904 medius
1239 863 1428 905 adstans
1458 865 1526 913 30,
1548 865 1600 904 27
1633 862 1809 904 medius

1069 920 1195 960 inter
1224 921 1369 971 49,17
1416 919 1614 960 medium
1659 930 1706 960 se
1746 917 1812 960 lo·
1848 971 1855 974 μ

1072 988 1177 1016 care
1228 977 1296 1027 81,
1329 977 1380 1016 12
1430 975 1583 1016 medio
1631 974 1812 1015 itineris

1070 1032 1139 1083 84,
1178 1033 1202 1072 7
1264 1032 1412 1084 campi
1457 1033 1524 1082 94,
1558 1033 1613 1073 28
1672 1029 1814 1072 medii
1896 1028 1898 1030 ’
1947 1066 1956 1095 2

1072 1100 1254 1127 suorum
1293 1089 1361 1135 54,
1393 1089 1444 1130 16
1494 1087 1668 1128 medios
1718 1090 1812 1127 sta-

1070 1147 1201 1184 tuere
1231 1145 1301 1195 29,
1327 1146 1377 1184 19
1409 1143 1640 1184 collocare
1663 1143 1732 1195 70,
1751 1145 1806 1184 30

1071 1200 1119 1239 in
1147 1199 1321 1240 medios
1341 1199 1513 1240 inferre
1535 1201 1606 1251 29,
1627 1201 1681 1241 33
1710 1211 1812 1253 pro-

1073 1255 1203 1309 gredi
1232 1256 1280 1295 in
1311 1256 1461 1296 medio
1493 1256 1563 1307 55,
1586 1258 1614 1296 4
1642 1256 1691 1296 in
1719 1267 1811 1296 me-

1074 1312 1148 1352 dio
1179 1312 1335 1353 locare
1367 1314 1435 1364 54,
1456 1313 1482 1353 5

1043 1369 1090 1408 in
1129 1368 1291 1409 melius
1329 1373 1508 1409 mutare
1547 1370 1616 1419 67,
1640 1369 1665 1408 7
1705 1378 1812 1408 con·

1071 1429 1249 1464 vertere
1282 1426 1349 1475 79,
1386 1426 1437 1466 15

1043 1492 1312 1532 memorare,
1373 1482 1596 1533 appellare
1655 1481 1725 1533 79,
1758 1480 1811 1520 22

1072 1535 1390 1577 memorandus
1422 1537 1512 1577 dux
1541 1537 1610 1587 81,
1644 1537 1670 1576 9

1043 1594 1260 1633 memoria
1298 1598 1533 1646 repetere,
1574 1592 1812 1633 memoriter

1074 1650 1142 1700 55,
1174 1650 1199 1689 8

1045 1709 1194 1746 metus
1232 1717 1432 1746 summae
1471 1717 1622 1745 rerum
1661 1704 1729 1754 75,
1756 1705 1812 1744 20

1073 1774 1154 1814 pro
1199 1764 1325 1801 metu
1376 1773 1456 1802 suo
1496 1761 1562 1811 18,
1591 1762 1645 1802 23
1690 1763 1814 1800 metu

1076 1818 1146 1856 sui
1176 1818 1244 1867 83,
1277 1818 1330 1858 29

1046 1873 1214 1913 militia
1243 1872 1503 1913 inconsulta
1522 1873 1592 1920 46,
1616 1873 1668 1913 13
1699 1883 1810 1924 opes

1074 1928 1268 1968 militiae
1298 1930 1367 1979 46,
1388 1931 1443 1970 25
1482 1928 1696 1969 militiam
1733 1927 1813 1968 ad-

1076 1997 1260 2026 versum
1325 1985 1523 2037 aliquem
1598 1995 1814 2024 recusare

1077 2042 1146 2092 21,
1179 2043 1203 2081 7

1048 2098 1259 2137 ministra
1318 2099 1363 2136 et
1419 2095 1567 2136 veluti
1627 2093 1813 2137 officina

1076 2152 1203 2194 belli·
1220 2154 1290 2204 27,
1323 2154 1377 2193 20

1049 2208 1272 2250 mirabilis
1304 2212 1402 2249 arte
1433 2210 1504 2260 52,
1534 2210 1560 2249 3

1047 2265 1255 2306 miranda
1286 2264 1459 2305 referre
1492 2265 1588 2315 104,
1617 2264 1672 2304 31

1047 2321 1231 2361 misceri
1269 2321 1391 2360 inter
1428 2333 1501 2371 se,
1538 2330 1814 2360 consuescere

1075 2391 1164 2417 cum
1223 2378 1363 2430 aliquo
1422 2377 1492 2428 51,
1533 2377 1584 2416 17
1643 2375 1812 2415 mixtus

1075 2431 1267 2473 Graecis
1297 2433 1365 2484 51,
1392 2433 1418 2473 5
1459 2430 1658 2472 concilio
1689 2431 1759 2480 82,
1788 2430 1814 2470 7

1045 2488 1304 2529 miserabile
1335 2491 1486 2529 tectus
1515 2490 1643 2528 veste
1669 2487 1738 2536 63,
1760 2486 1814 2526 27

1075 2543 1350 2585 miserabilis
1369 2544 1504 2584 fletus
1525 2543 1596 2594 68,
1619 2543 1645 2582 6
1673 2542 1743 2592 88,
1760 2542 1814 2583 33
1888 2559 1893 2561 f

1050 2655 1356 2695 miserandum
1394 2655 1443 2694 in
1479 2654 1660 2695 modum
1696 2653 1766 2705 38,
1788 2653 1815 2694 6

1077 2713 1148 2761 47,
1171 2713 1225 2752 33
1256 2713 1324 2762 76,
1349 2712 1401 2752 10
1432 2712 1501 2762 97,
1535 2713 1560 2752 3

1049 2768 1344 2809 miseratione
1376 2766 1547 2808 aetatis
1577 2768 1619 2816 3,
1647 2766 1702 2806 28
1783 2765 1787 2769 ’

1049 2824 1257 2864 miserati
1287 2823 1496 2863 fortunas
1529 2824 1625 2875 110,
1647 2823 1700 2863 31
1730 2829 1734 2831 ’

1049 2878 1372 2919 modo—nunc
1402 2879 1471 2929 58,
1500 2880 1556 2920 20
