1956 3178
210 147 243 199 2
249 147 280 199 8
762 145 1022 193 DARETIS
1053 149 1307 196 PHRYGII

213 269 590 341 postulassent.
674 268 920 323 Priamus
968 271 1139 323 dicere
1185 271 1435 341 imperat,
1491 272 1618 342 quid
1663 273 1863 343 cuique

212 347 468 399 videatur.
524 346 771 399 omnibus
803 344 1059 413 placitum
1092 347 1174 396 est
1203 344 1438 398 indutias
1469 345 1527 398 111
1559 346 1851 399 triennium

214 421 352 472 dare.
436 420 651 472 interim
699 418 917 471 Troiani
962 418 1176 471 moenia
1217 422 1499 488 renovant,
1547 437 1670 472 suos
1711 420 1851 490 quis-

215 511 316 562 que
371 494 578 547 saucios
633 497 838 561 curant,
899 495 1139 545 mortuos
1202 510 1322 545 cum
1381 493 1589 562 ingenti
1649 493 1853 547 honore

169 583 188 613 5
215 585 269 619 se
311 567 493 619 eliunt.

271 586 306 635 p
361 640 565 694 XXIII.
642 640 875 709 Tempus
921 657 1134 710 pugnae
1181 643 1305 708 post
1341 639 1632 692 triennium
1672 657 1851 708 super-

212 714 372 766 venit.
449 713 650 767 Hector
697 718 750 766 et
797 714 1007 767 Troilus
1059 713 1347 765 exercitum
1387 713 1632 766 educunt.
1706 712 1852 784 Aga-

212 806 465 841 memnon
510 787 784 840 Menelaus
830 787 1067 840 Achilles
1115 790 1169 839 et
1213 785 1500 839 Diomedes
1539 786 1701 839 etiam
1747 787 1854 856 ipsi

214 861 502 914 exercitum
557 862 802 914 educunt.
885 861 947 913 fit
999 877 1198 930 magna
1252 861 1452 913 caedes.
1542 859 1742 914 Hector
1793 860 1858 912 111

148 950 190 980 10
214 936 388 1002 prima
427 935 539 987 acie
577 934 901 1004 Phidippum
949 937 1003 986 et
1041 933 1341 1003 Antiphum
1389 934 1547 986 duces
1586 933 1857 1002 interficit,

212 1008 450 1060 Achilles
496 1008 800 1078 Lycaonem
847 1012 895 1061 et
937 1006 1180 1074 Phorcyn
1227 1007 1420 1060 occidit
1465 1011 1519 1059 et
1564 1025 1628 1059 ex
1677 1010 1854 1079 cejzera

212 1082 367 1149 plebe
406 1083 576 1134 multa
613 1082 763 1134 milia
809 1099 873 1133 ex
910 1084 1136 1150 utraque
1183 1084 1334 1148 parte
1374 1080 1584 1133 cadunt.
1661 1081 1855 1133 acriter

211 1158 485 1224 pugnatur
535 1155 720 1207 diebus
768 1154 1036 1208 continuis
1082 1153 1249 1206 XXX.
1330 1153 1576 1206 Priamus
1621 1157 1684 1206 ut
1719 1153 1860 1206 vidit*

212 1229 409 1281 multos
459 1229 522 1281 de
570 1247 666 1282 suo
714 1229 947 1281 exercitu
995 1228 1267 1296 cecidisse,
1317 1227 1485 1279 mittit
1529 1227 1738 1296 legatos
1785 1226 1855 1279 ad'

146 1316 191 1347 15
212 1300 699 1371 Agamemnonem,
738 1305 799 1354 ut
835 1301 1070 1354 indutias
1109 1304 1352 1369 peterent
1382 1301 1657 1353 mensibus
1687 1299 1768 1354 VI
1800 1303 1861 1353 et.

213 1393 277 1426 ex
324 1376 533 1428 consilii
582 1376 849 1428 sententia
896 1375 1273 1444 Agamemnon
1319 1374 1562 1428 concedit
1602 1373 1859 1427 indutias.

211 1452 423 1516 tempus
485 1466 697 1519 pugnae
761 1449 1081 1517 supervenit.
1172 1448 1363 1501 acriter
1426 1465 1522 1516 per
1575 1447 1852 1500 duodecim

212 1521 323 1574 dies
370 1526 657 1592 pugnatur.
740 1523 897 1574 multi
944 1522 1102 1574 duces
1148 1521 1428 1574 fortissimi
1472 1521 1598 1574 hinc
1637 1524 1691 1573 et
1727 1520 1857 1573 inde

214 1595 432 1664 cadunt,
493 1597 673 1664 plures
742 1597 1112 1664 vulnerantur,
1182 1595 1398 1664 plurimi
1457 1594 1515 1647 in
1577 1593 1856 1647 curatione

146 1684 189 1714 20
215 1669 529 1722 moriuntur.
604 1671 982 1739 Agamemnon
1020 1669 1189 1721 mittit
1227 1669 1294 1721 ad
1332 1668 1605 1720 Priamum
1642 1668 1854 1738 legatos

212 1746 266 1794 et
315 1742 542 1812 triginta
603 1743 807 1794 dierum
868 1743 1104 1794 indutias
1163 1743 1423 1811 postulat,
1482 1744 1545 1793 ut
1602 1741 1852 1794 funerare

211 1819 451 1868 mortuos
493 1834 616 1869 suos
655 1817 842 1884 possit.
917 1815 1160 1868 Priamus
1201 1817 1441 1868 consulte
1479 1814 1619 1868 fecit.
1923 1883 1926 1885 q

357 1888 554 1942 XXIV.
631 1890 708 1942 At
744 1889 837 1942 ubi
874 1892 1086 1958 tempus
1124 1906 1337 1973 pugnae
1374 1889 1699 1958 supervenit,
1736 1887 1851 1941 An-

211 1962 498 2015 dromacha
543 1981 676 2016 uxor
722 1963 970 2016 Hectoris
1027 1963 1084 2015 in
1131 1963 1333 2015 somnis
1379 1962 1513 2015 vidit
1562 1961 1850 2014 Hectorem

331 2128 352 2165 1
388 2089 485 2166 cuiq
501 2122 544 2165 L
664 2127 689 2166 2
721 2122 959 2166 uideretur
992 2120 1035 2166 G
1155 2125 1180 2164 3
1214 2121 1344 2179 dare]
1373 2123 1532 2178 petere
1565 2120 1607 2166 G
1633 2121 1640 2177 l
1666 2121 1851 2167 Interea

208 2195 269 2223 111.
302 2181 359 2224 tr.
394 2179 436 2224 G
463 2180 469 2238 Ι
498 2180 692 2237 quisque
726 2193 807 2224 om.
841 2181 884 2223 L
1004 2185 1031 2224 4
1064 2179 1243 2224 saucios
1276 2182 1442 2224 curant
1472 2193 1556 2224 om.
1581 2179 1623 2224 G
1684 2181 1850 2224 curant

209 2252 291 2283 om.
324 2239 390 2294 L,
431 2239 596 2284 habent
637 2240 759 2284 editt.
799 2243 904 2283 uett
942 2240 947 2294 Ι
981 2241 1189 2283 mortuos
1228 2251 1311 2283 om.
1349 2239 1466 2292 LG,
1506 2239 1670 2283 addidi
1710 2253 1765 2283 ea:
1801 2237 1850 2283 R

210 2302 235 2341 5
267 2297 487 2342 funerant
518 2297 560 2342 G
681 2303 706 2342 6
738 2311 924 2354 pugnae
956 2310 1038 2341 om.
1072 2296 1115 2342 G
1243 2302 1267 2341 7
1295 2301 1403 2354 post
1434 2272 1638 2365 eliucunt
1667 2298 1773 2342 add.
1806 2297 1850 2343 G

209 2369 313 2399 cum
347 2369 464 2401 enea
493 2370 735 2401 mennone.
811 2355 984 2401 Contra
1105 2361 1131 2400 8
1174 2355 1316 2400 etiam
1361 2356 1453 2413 ipsi
1495 2369 1565 2400 ex.
1609 2355 1701 2414 ed.]
1741 2369 1848 2400 con·

209 2418 401 2459 currunt
433 2415 475 2459 G
598 2420 652 2459 10
691 2415 832 2459 duces
874 2413 1111 2459 interfecit
1139 2414 1218 2471 ph.
1251 2416 1300 2459 et
1330 2415 1575 2472 antippum
1607 2415 1656 2459 et
1683 2413 1849 2460 merio—

208 2486 314 2516 nem
347 2473 390 2518 G
450 2473 719 2531 philippum
743 2475 791 2518 et
815 2473 1110 2531 antypphum
1131 2473 1175 2517 L
1297 2478 1348 2518 11
1374 2473 1610 2530 lyconium
1633 2473 1677 2516 L
1734 2473 1847 2518 lica-

208 2587 344 2619 onem
370 2575 412 2620 G
439 2575 445 2633 Ι
473 2575 716 2620 euforbum
734 2574 777 2620 G
831 2575 1073 2620 euforbum
1089 2575 1133 2619 L
1156 2576 1204 2619 et
1227 2574 1486 2620 euforbium
1510 2574 1556 2619 V
1601 2575 1846 2632 phorcium

207 2631 259 2675 F
314 2633 529 2691 Phorcyn
568 2648 590 2679 e
623 2635 883 2680 coniectura
911 2635 1078 2691 scripsi
1111 2637 1116 2690 Ι
1152 2635 1308 2678 cetera
1345 2647 1401 2678 ex
1441 2633 1484 2678 G
1606 2639 1658 2678 12
1689 2649 1751 2679 111.
1780 2649 1844 2678 m.

206 2691 447 2736 hominum
488 2692 531 2737 G
565 2695 572 2748 Ι
606 2708 653 2751 p.
687 2707 726 2737 a.
761 2707 799 2737 c.
833 2692 877 2736 d.
910 2692 954 2737 G
1083 2697 1138 2736 14
1168 2692 1320 2736 multa
1360 2691 1493 2736 milia
1529 2692 1770 2737 hominum
1802 2691 1846 2737 G

209 2754 263 2794 15
295 2750 344 2795 et
374 2764 457 2795 om.
491 2750 535 2796 G
654 2757 709 2796 16
748 2764 804 2796 ex
835 2764 918 2797 om.
949 2750 994 2795 L
1026 2752 1033 2806 Ι
1068 2764 1124 2794 ex
1156 2749 1349 2795 consilio
1387 2751 1487 2806 (om.
1521 2751 1770 2808 sententia)
1802 2750 1847 2795 G

209 2812 262 2851 17
294 2822 378 2865 per
409 2809 508 2854 dies
539 2809 626 2854 XII
657 2809 700 2854 G
819 2815 876 2854 20
914 2809 958 2854 10
961 2809 1115 2867 gatos]
1156 2809 1372 2854 nuntium
1413 2809 1455 2854 G
1575 2814 1630 2853 22
1662 2808 1846 2867 possint

206 2865 249 2908 G
276 2867 281 2921 Ι
310 2868 567 2924 annuitque
592 2869 697 2913 add.
722 2869 845 2913 editt.
870 2872 973 2915 uett
993 2872 1101 2924 post
1122 2866 1234 2911 fecit
1354 2872 1409 2912 23
1441 2867 1505 2912 Ut
1528 2867 1626 2912 dies
1656 2880 1845 2926 pugnae

206 2923 249 2968 G
370 2930 426 2969 24
457 2940 514 2970 ne
546 2927 707 2970 hector
737 2927 786 2970 in
818 2942 863 2983 p.
896 2926 1168 2983 procederet
1200 2925 1255 2970 G.
1679 2939 1689 2943 ⁸
