1956 3178
521 152 707 194 BELE‘I
737 150 988 192 TROIANI
1019 149 1134 190 LIB.
1163 149 1247 190 111.
1621 146 1690 199 53

75 278 363 332 Hectorem
400 277 627 347 virginis
667 293 824 330 causa
859 275 976 327 iret.
1041 273 1244 326 Hector
1280 290 1407 326 vero
1445 272 1691 325 daturum

78 367 134 403 86
171 349 230 402 111
266 348 668 402 matrimonium
707 363 945 400 sororem
982 344 1216 413 mandat,
1257 345 1301 397 si
1339 343 1441 396 sibi
1478 343 1690 396 univer-

76 438 194 475 811111
233 420 521 473 exercitum
560 419 824 487 proderet.

217 490 313 544 III.
387 489 529 542 Dein
567 488 807 541 Achilles
845 487 1146 540 soluturum
1193 505 1247 539 se
1293 503 1450 538 omne
1487 484 1691 537 bellum

15 611 17 621 ,
75 579 172 631 1110
210 560 484 630 Polyxena
528 559 728 612 tradita
774 558 1074 627 pollicetur.
1154 560 1271 610 tum
1319 557 1546 609 Hector:
1598 558 1691 608 aut
1713 572 1734 604 5

76 630 437 702 proditionem
475 631 542 683 ab
580 648 642 682 eo
683 628 1129 697 confirmandam,
1169 632 1262 680 aut
1298 627 1438 679 filios
1465 625 1693 679 Plisthe-

77 702 163 756 nis
200 705 359 770 atque
396 701 617 753 Aiacem
654 699 1079 753 interficiendos:
1120 699 1251 751 alias
1289 698 1353 750 de
1390 697 1487 750 tali
1525 714 1689 767 nego-

31 787 34 790 *
76 773 155 826 tio
192 772 331 824 nihil
369 789 423 824 se
461 771 782 824 auditurum.
848 789 910 824 ea
946 770 1038 822 ubi
1075 769 1315 822 Achilles
1354 768 1574 836 accepit,
1613 768 1694 820 ira

78 844 318 897 concitus
344 843 630 896 exclamat:
671 860 749 910 se,
790 860 910 894 cum
935 841 1170 909 primum
1206 843 1418 907 tempus
1456 838 1693 890 bellandi

10 926 13 931 '
76 913 232 983 foret,
252 914 427 983 primo
447 913 652 982 proelio
680 914 1142 981 interempturum.
1190 910 1313 963 dein
1339 910 1506 962 animi
1531 909 1691 962 iacta-
1716 926 1757 957 10

77 984 225 1038 tione
263 985 473 1037 saucius
510 984 615 1037 huc
652 987 812 1052 atque
850 983 977 1035 illuc
1016 983 1271 1035 oberrans
1309 979 1579 1034 interdum
1615 983 1693 1032 ta-

76 1073 219 1123 men,
258 1058 522 1124 quatenus
547 1054 817 1123 praesenti
841 1053 1062 1123 negotio
1098 1053 1358 1104 utendum
1397 1054 1535 1104 esset
1569 1068 1693 1104 con-

80 1126 295 1178 sultare.
370 1129 427 1178 at
471 1126 564 1177 ubi
611 1144 733 1177 eum
770 1123 1115 1177 Automedon
1162 1123 1349 1175 iactari
1398 1122 1578 1174 animo
1617 1125 1695 1174 at-

80 1214 182 1265 que
220 1196 279 1248 in
326 1195 437 1248 dies
483 1196 655 1266 magis
702 1195 979 1265 magisque
1037 1197 1276 1247 aestuare
1324 1193 1584 1245 desiderio
1632 1210 1692 1244 ac

78 1269 396 1335 pernoctare
446 1269 595 1319 extra
640 1267 875 1319 tentoria
920 1264 1300 1318 animadvertit
1346 1263 1575 1330 veritus,
1623 1280 1692 1314 ne
1717 1277 1757 1311 15

80 1337 209 1406 quid
245 1336 525 1389 adversum
574 1355 629 1389 86
676 1340 770 1389 aut
814 1337 873 1388 in
919 1335 1252 1404 supradictos
1290 1352 1444 1405 reges
1481 1333 1693 1386 molire-

78 1411 191 1474 tur,
229 1407 478 1460 Patroclo
517 1411 677 1476 atque
715 1407 869 1460 Aiaci
917 1425 1031 1459 rem
1080 1409 1326 1459 cunctam
1375 1404 1573 1474 aperit:
1612 1404 1692 1456 hi-

79 1495 182 1547 que
219 1477 553 1531 dissimulato
602 1479 746 1547 quod
792 1478 1072 1530 audierant
1121 1495 1242 1529 cum
1288 1494 1413 1546 rege
1462 1493 1692 1527 commo-

81 1551 285 1601 rantur.
370 1567 431 1602 ac
476 1549 616 1601 forte
677 1548 908 1617 quodam
962 1552 1204 1616 tempore
1251 1546 1560 1599 recordatus
1609 1545 1692 1597 sui

81 1619 389 1672 convocatis
437 1620 845 1689 Agamemnone
903 1622 956 1671 et
1011 1617 1258 1670 Menelao
1305 1616 1587 1687 negotium
1633 1618 1694 1668 ut
1716 1632 1759 1664 20

85 1691 297 1760 gestum
335 1693 450 1742 erat
474 1689 899 1759 desideriumque
938 1689 1104 1741 animi
1131 1688 1328 1757 aperit:
1368 1707 1400 1740 a
1425 1687 1544 1757 quis
1585 1705 1694 1739 om-

79 1760 238 1812 nibus
301 1763 363 1812 ut
418 1760 562 1813 bono
619 1761 799 1814 animo
861 1763 1045 1830 ageret
1107 1758 1486 1827 respondetur,
1542 1757 1694 1810 brevi

81 1830 279 1900 quippe
317 1831 594 1884 dominum
642 1849 763 1883 eum
810 1830 927 1884 fore
966 1831 1105 1899 61118,
1154 1848 1316 1898 quam
1359 1827 1693 1898 deprecando

79 1919 193 1954 non
230 1902 612 1970 impetraverit.
701 1920 837 1970 quae
883 1919 968 1954 res
1020 1919 1081 1953 eo
1120 1901 1318 1953 habere
1354 1900 1514 1952 fidem
1551 1898 1695 1951 vide-

79 1972 253 2041 batur,
292 1972 547 2040 quoniam
573 1972 680 2025 iam
705 1991 913 2025 summa
937 1990 1116 2024 rerum
1142 1971 1496 2023 Troianarum
1527 1987 1694 2038 prope
1717 1983 1760 2015 25

82 2059 327 2096 occasum
383 2046 498 2095 erat
556 2061 846 2111 omnesque
892 2043 1076 2094 Asiae·
1110 2042 1353 2094 civitates
1422 2043 1695 2093 execratae

83 2113 375 2165 amicitiam
418 2113 810 2166 Priamidarum
858 2113 999 2165 ultro
1036 2112 1194 2165 nobis
1231 2111 1491 2164 auxilium
1528 2110 1695 2163 socie-

80 2186 354 2251 tatemque
399 2183 530 2235 belli
579 2183 887 2252 offerebant,
946 2183 1065 2251 quis
1110 2184 1176 2235 ab
1225 2182 1447 2235 ducibus
1495 2181 1695 2234 nostris

82 2253 316 2323 benigne
354 2253 800 2321 respondebatur:
849 2254 977 2307 satis
1016 2254 1117 2306 sibi
1173 2272 1285 2306 esse
1331 2252 1696 2322 praesentium

83 2323 359 2392 copiarum
404 2341 579 2393 neque
625 2325 944 2377 auxiliorum
982 2342 1163 2394 egere:
1212 2324 1502 2377 amicitiam
1551 2339 1694 2389 sane,
1717 2337 1762 2371 3ο

81 2411 245 2516 {guam
271 2393 540 2462 offerrent,
577 2395 720 2447 ultro
747 2395 1013 2464 suscipere
1039 2395 1479 2462 voluntatemque
1511 2411 1697 2445 eorum

109 2481 200 2516 ore
248 2468 457 2534 gratam
503 2466 776 2519 omnibus:
837 2466 1040 2519 86111661
1098 2466 1225 2534 quia
1269 2466 1413 2516 fluxa
1466 2463 1596 2516 fides
1644 2467 1698 2515 et

83 2534 249 2587 animi
286 2553 469 2588 earum
496 2537 721 2604 spectati
752 2554 926 2606 neque
964 2541 1074 2589 tam
1112 2537 1288 2589 subita
1313 2535 1542 2587 mutatio
1580 2534 1695 2587 sine

76 2603 206 2658 <dolo
245 2606 572 2659 credebatur.

39 2747 41 2750 ι
222 2675 318 2728 IV.
379 2675 600 2746 Iamque
639 2677 837 2730 exactis
874 2677 1114 2730 hibernis
1141 2676 1413 2729 mensibus
1450 2693 1544 2728 ver
1581 2692 1696 2728 coe·
1718 2687 1763 2721 35

83 2748 262 2814 perat,
316 2763 436 2798 cum
483 2746 613 2800 Grai
662 2747 834 2800 edicto
871 2748 1046 2816 prius,
1096 2749 1176 2799 uti
1225 2747 1399 2799 omnis
1447 2746 1601 2799 miles
1639 2746 1698 2797 in

86 2815 249 2869 armis
275 2819 428 2884 esset,
466 2835 591 2870 mox
628 2818 784 2885 signo
811 2817 939 2872 belli
978 2818 1119 2870 edito
1148 2818 1438 2870 exercitum
1475 2817 1534 2869 in
1560 2834 1697 2870 cam-

198 2948 252 2989 10
282 2947 426 3000 primo
457 2947 632 3000 proelio
662 2959 740 2987 om.
773 2947 861 2988 PV
891 2948 1032 2988 nescio
1064 2961 1119 2988 an
1151 2953 1280 2989 recte.
