1956 3178
0 1 6 11 ν
72 0 468 18 „‚u-.-1.---

0 89 6 120 ,ι

747 158 1161 207 PRAEFATIO.
1582 178 1784 217 mvn

128 283 405 354 Daretem,
462 301 621 356 quem
659 302 706 338 v.
746 284 815 338 39
857 283 1077 355 (Darius
1116 273 1392 353 Phrigius)
1439 277 1688 335 nominat
1734 286 1787 334 et

131 359 289 412 initio
329 358 602 412 Historiae
625 358 983 428 „Mordopffer
1021 358 1114 410 der
1154 358 1331 428 g'ottin
1354 355 1528 409 Diane
1567 356 1668 408 mit
1692 356 1785 408 der

121 433 436 503 jungkfraw
474 433 808 503 Ephigenie“
820 431 860 502 1)
901 432 1099 500 Dictyn
1141 435 1353 485 secutus
1394 432 1477 484 sit.

273 506 400 561 Non
447 508 679 559 alienum
725 507 934 559 videtur
972 507 1074 559 hoc
1111 507 1230 559 loco
1271 506 1334 557 de
1374 505 1510 557 miro
1552 505 1784 574 quodam

125 579 308 636 libello
362 581 640 650 bulgarica
671 581 755 632 vel
796 581 1002 633 serbica
1041 583 1095 632 et
1132 580 1302 632 latina
1347 580 1534 649 lingua
1583 579 1783 648 scripto

128 657 402 709 disserere.
482 654 829 722 Trojanska
862 656 1044 720 pric'a
1083 654 1344 723 bugarski
1382 654 1401 704 i
1450 653 1674 705 latinski
1712 671 1785 705 na

129 731 285 799 svijet
312 730 464 782 izdao
492 729 551 781 F
551 746 594 779 r.
621 724 927 781 Milclosic'
959 747 994 779 u
1028 727 1273 797 Zagrebu
1302 728 1458 779 1871.
1523 726 1657 780 Cum
1673 727 1783 779 iam

126 821 291 871 supra
328 803 919 855 commemoraverimus
960 801 1219 869 plurimos
1259 801 1510 869 Europae
1550 802 1780 870 populos

124 877 360 929 maximo
386 876 573 928 ardore
598 875 815 928 Troicas
841 876 1051 928 fabulas
1070 876 1342 944 amplexos
1363 892 1493 943 esse,
1517 875 1574 926 in
1589 875 1782 944 quibus

127 968 254 1003 suae
271 950 511 1018 ipsorum
528 950 785 1002 historiae
803 949 1095 1018 primordia
1110 949 1463 1018 reperiebant,
1486 967 1598 1001 non
1623 949 1782 1001 mira-

126 1025 304 1077 bimur
343 1023 485 1094 quod
530 1023 753 1094 Bulgari
793 1042 1002 1094 quoque
1060 1041 1193 1093 quos
1242 1024 1370 1076 olim
1416 1022 1780 1091 Myrmidones

130 1098 424 1167 appellatos
465 1116 580 1151 esse
620 1096 898 1169 Malalas2)
941 1098 1224 1151 confirmat
1262 1097 1403 1149 idem
1442 1097 1697 1149 fecerunt.

190 1170 441 1243 Scriptus
489 1176 570 1226 est
607 1173 694 1226 hic
741 1173 876 1225 liber
914 1173 1024 1224 fere
1066 1190 1198 1225 saec.
1237 1170 1382 1223 XIV.
1430 1174 1590 1240 atque
1631 1173 1777 1223 extat

123 1250 185 1302 in
226 1248 338 1302 cod.
378 1249 507 1302 bibl.
529 1245 704 1302 Vatic.
783 1245 882 1302 Cui
920 1247 1151 1315 tempori
1192 1249 1372 1299 autem
1410 1246 1581 1297 latina
1619 1245 1781 1297 inter-

124 1324 357 1392 pretatio
384 1323 642 1376 debeatur
665 1323 860 1376 nescio.
922 1320 1006 1372 Ex
1032 1339 1136 1389 quo
1163 1321 1310 1373 fonte
1334 1319 1561 1388 fluxerit,
1599 1321 1781 1371 utrum

119 1415 190 1449 ex
242 1398 440 1450 slavico
489 1395 792 1466 (bohemico
834 1400 925 1448 aut
963 1395 1212 1464 polonico
1254 1397 1347 1446 aut
1385 1393 1680 1463 hungarico
1721 1395 1782 1445 ut

121 1474 306 1523 censet
337 1470 399 1523 B.
432 1470 662 1540 Kopitar
694 1469 923 1539 Hesych.
963 1470 1057 1537 45,
1113 1488 1182 1520 an
1222 1487 1285 1520 ex
1323 1469 1493 1520 latino
1535 1467 1781 1536 equidem

123 1563 235 1598 non
275 1545 689 1597 diiudicaverim.
765 1544 881 1597 Iam
922 1543 1300 1612 antiquissimo
1332 1545 1575 1610 tempore
1599 1542 1657 1593 in
1679 1541 1780 1592 lin-

122 1621 1018 1762 guamArgglaiigrizgililtugrlfflselliStlioc
1064 1694 1167 1744 est.
1224 1689 1410 1759 Capite
1450 1661 1490 1742 Ι.
1529 1693 1781 1741 narratur

124 1766 188 1818 de
212 1766 574 1834 compluribus
603 1767 826 1819 urbibus
852 1766 1096 1819 conditis.
1121 1763 1189 1818 II.
1215 1765 1485 1817 somnium
1508 1763 1778 1831 Hecubae,

124 1840 419 1892 Alexandri
457 1839 665 1893 Paridis
704 1841 975 1909 iuventus,
1023 1843 1294 1893 certamen
1332 1839 1474 1890 inter
1510 1841 1620 1890 tres
1660 1837 1781 1889 fati-

124 1913 271 1967 dicas
323 1913 386 1966 de
437 1915 603 1983 malo,
677 1933 828 1967 amor
873 1914 1082 1966 Paridis
1142 1916 1195 1965 et
1235 1912 1422 1965 Oenes.
1472 1911 1568 1964 III.
1619 1910 1783 1964 Troia

126 1987 404 2040 aedificata
445 2006 476 2040 a
515 1988 691 2040 Tebus
733 1988 871 2055 (erat
908 1985 1125 2057 fidicen)
1167 1990 1220 2039 et
1258 1985 1623 2054 Neptenabus,
1662 2003 1780 2054 per-

122 2061 255 2114 fidia
277 2061 493 2130 Priami,
532 2061 699 2130 Ipiter
721 2061 1086 2114 Kastrandrae
1126 2061 1387 2113 excidium
1412 2060 1604 2112 Troiae
1628 2077 1781 2128 prae-

115 2135 265 2203 dicit,
303 2134 458 2187 Parii
482 2136 540 2187 in
565 2134 844 2188 Graeciam
869 2136 1236 2204 proficiscitur.
1276 2133 1368 2186 IV.
1393 2133 1615 2202 Helena,
1656 2151 1778 2186 cum

121 2208 399 2261 Menelaus
453 2209 511 2260 in
564 2209 766 2261 bellum
813 2209 1084 2277 profectus
1138 2211 1299 2276 esset,
1355 2210 1511 2276 rapta
1558 2207 1780 2260 Troiam

116 2282 285 2334 venit.
324 2281 388 2335 V.
443 2281 724 2351 Agameno
777 2286 830 2335 et
885 2283 976 2335 alii
1022 2301 1174 2352 reges
1220 2282 1466 2334 Menelao
1523 2282 1781 2334 auxilium

120 2355 323 2424 ferunt,
379 2359 532 2408 erant
578 2374 741 2408 naves
795 2358 958 2425 1170,
1012 2356 1228 2409 Felesae
1279 2356 1529 2408 fatidicae
1579 2356 1660 2407 ira
1710 2355 1779 2408 ob

120 2447 334 2482 cervam
399 2433 672 2498 necatam,
739 2431 1059 2484 sacrificium
1114 2429 1396 2483 Cvetanae.
1437 2428 1529 2481 VI.
1568 2428 1781 2482 Proelia

121 2503 266 2571 apud
306 2502 537 2571 Troiam,
577 2504 856 2557 Menelaus
898 2508 951 2557 et
989 2504 1162 2557 Ureks
1203 2503 1368 2573 legati
1408 2503 1470 2554 de
1510 2502 1780 2555 reddenda

122 2575 332 2629 Helena
371 2577 437 2628 ad
476 2576 752 2646 Prejamus
793 2579 1094 2631 mittuntur.
1173 2577 1334 2630 Oines
1382 2577 1481 2629 ivit
1519 2577 1586 2629 ad
1623 2576 1780 2629 Fari}

121 2652 178 2700 et
217 2650 283 2701 ad
322 2649 583 2703 Helenam
621 2652 860 2704 rixatura
899 2671 1020 2705 cum
1060 2671 1134 2704 ea.
1175 2651 1293 2704 VII.
1318 2650 1550 2703 Urekses
1590 2651 1780 2720 imagi-

124 2740 250 2774 nem
294 2721 567 2776 Minervae
613 2727 756 2794 rapit
802 2729 855 2778 et
903 2727 1083 2778 album
1133 2744 1327 2794 equum
1373 2723 1567 2776 Reides
1621 2725 1780 2794 regiS,

122 2795 266 2848 idem
304 2796 482 2849 Aciles
524 2800 746 2852 arcessit
783 2819 815 2852 a
853 2800 1009 2852 litore
1048 2799 1358 2867 Kalkadini,
1399 2798 1491 2850 ubi
1531 2815 1624 2850 rex
1664 2801 1780 2850 erat

245 2955 276 3011 ¹)
308 2954 483 3002 ibidem
499 2972 543 3014 p.
564 2964 629 3003 72.
751 2959 783 3015 ²)
817 2958 1205 3016 Chronographia
1220 2958 1299 3003 lib.
1319 2958 1361 3003 V
1381 2957 1417 3002 O
1441 2963 1538 3003 122.
