1956 3178
432 766 683 825 INDEX
730 766 1109 825 NOMINUM
1156 766 1258 825 ΕΤ
1305 766 1603 826 RERUM.

195 941 398 984 Acamas
423 953 448 983 e
471 938 672 983 Thracia
689 938 993 984 Troianorum
1041 938 1266 983 Admetus
1298 940 1433 995 pater
1462 938 1624 983 Pheris
1656 944 1733 997 32,
1769 946 1791 984 1

256 999 350 1043 dux
382 1004 459 1051 22,
488 1003 540 1042 19
1040 997 1267 1042 Adrastus
1292 999 1349 1042 de
1375 997 1504 1042 Zelia
1527 997 1837 1044 Troianorum

194 1061 394 1102 Acamas
419 1057 589 1102 Thesei
614 1056 736 1100 filius
762 1061 838 1112 24,
864 1061 891 1100 4
923 1062 994 1112 32,
1102 1056 1194 1100 dux
1227 1060 1386 1111 22,15

259 1122 311 1160 12
1040 1115 1260 1159 Adrestia
1289 1115 1400 1159 urbs
1431 1120 1509 1171 23,
1535 1120 1563 1158 4
1629 1140 1633 1141 ν

195 1174 376 1279 Α<111ι11ἶ1ίζ
405 1175 561 1278 ints?
585 1174 791 1219 Castoris
821 1177 870 1220 et
891 1174 995 1219 Pol·
1042 1174 1256 1277 adygum,
1282 1187 1306 1218 e
1331 1187 1423 1230 quo
1440 1174 1747 1231 respondetur
1765 1179 1834 1231 19,

443 1270 452 1290 ἲ

194 1293 401 1338 Achilles
427 1307 483 1338 ex
508 1292 682 1337 Phthia
714 1299 789 1349 18,
817 1299 870 1338 12
918 1294 994 1339 de

256 1352 474 1396 scribitur
543 1358 617 1407 16,
674 1358 699 1396 9
784 1353 992 1410 Delphos

254 1411 458 1455 mittitur
504 1411 564 1454 ad
605 1411 841 1455 oraculum
885 1426 991 1456 con-

1040 1293 1222 1336 Aeneas
1267 1291 1483 1348 princeps
1529 1292 1840 1337 Troianorum

1100 1357 1147 1406 8,
1173 1356 1200 1394 4
1244 1355 1322 1406 23,
1351 1355 1378 1395 8
1439 1350 1719 1396 describitur
1767 1356 1836 1405 15,

1100 1416 1154 1454 10
1179 1409 1570 1467 Amphimachum
1583 1412 1632 1454 et
1641 1410 1837 1455 Nireum

256 1470 501 1514 sulendum
514 1475 582 1526 19,
596 1475 649 1514 15
672 1484 776 1514 cum
787 1471 993 1528 Telepho

254 1529 564 1585 proficiscitur
593 1529 654 1572 ad
676 1529 994 1586 praedandam

254 1588 474 1644 Mysiam,
517 1587 855 1634 Teuthrantem
892 1590 994 1634 vul-

255 1649 391 1691 nerat
436 1653 515 1702 20,
552 1652 607 1691 27
670 1648 824 1692 totum
868 1662 994 1692 exer-

256 1706 400 1749 citum
425 1706 732 1750 Troianorum
759 1707 808 1750 in
831 1707 995 1765 fugam

257 1765 488 1809 convertit
518 1769 595 1820 24,
624 1770 676 1809 13
728 1766 995 1810 Patroclum

256 1824 472 1867 necatum
489 1824 687 1880 plangit,
711 1825 847 1869 ludos
866 1825 995 1870 fune-

255 1882 361 1926 bres
401 1882 445 1926 ei
478 1882 594 1926 facit
626 1888 703 1938 25,
730 1889 755 1928 8
808 1884 994 1941 Euphe-

254 1956 383 1984 mum
414 1940 738 1997 Hippothoum
769 1942 995 1999 Pylaeum

254 2000 595 2056 Asteropaeum
634 2000 806 2045 occidit
837 2007 914 2057 26,
939 2007 992 2046 21

254 2060 369 2103 item
401 2058 666 2115 Lycaonem
703 2062 751 2104 et
780 2059 996 2116 Phorcyn

255 2122 333 2173 28,
363 2123 414 2161 11
465 2118 525 2162 ab
552 2119 752 2163 Hectore
783 2119 995 2163 vulnera-

254 2180 352 2231 tur,
385 2189 493 2220 eum
523 2176 766 2233 interficit,
800 2192 829 2221 a
850 2178 995 2222 Mem-

254 2248 376 2279 none
399 2235 674 2280 vulneratur
698 2241 776 2292 30,
795 2241 820 2279 9
859 2237 995 2294 Poly-

255 2306 424 2338 xenam
480 2294 671 2339 adamat
723 2300 802 2350 33,
849 2301 874 2339 2
938 2296 995 2340 de

255 2352 432 2410 nuptiis
450 2353 548 2397 eius
566 2367 671 2397 cum
688 2353 874 2398 Priamo
892 2354 994 2412 agit

256 2413 306 2454 et
327 2425 491 2468 pacem
515 2412 681 2456 suadet
700 2417 771 2467 33,
792 2418 847 2456 14
877 2428 993 2470 pug-

257 2483 368 2514 nare
387 2470 592 2528 abnegat
612 2476 682 2526 36,
700 2476 726 2515 3
759 2472 995 2527 promittit

257 2541 303 2571 se
313 2528 488 2573 milites
501 2543 608 2574 suos
619 2530 810 2575 Graecis
819 2530 994 2574 auxilio

255 2586 504 2631 missurum
527 2593 606 2643 37,
625 2594 682 2632 24
713 2602 746 2633 a·
765 2588 923 2633 Troilo
948 2591 996 2632 et

255 2645 501 2690 Memnone
523 2646 795 2692 vulneratus
821 2649 995 2692 utrum-

257 2717 346 2759 que
371 2706 509 2749 necat
535 2710 679 2762 39,17
713 2706 772 2751 ab
797 2707 995 2750 Alexan-

257 2763 340 2807 dro
380 2763 675 2820 vulneratur,
719 2778 775 2809 ex
812 2764 996 2809 insidiis

258 2823 464 2878 necatur,
483 2823 737 2879 sepultur,a
757 2819 855 2867 sudi
869 2823 995 2868 fune-

257 2880 364 2923 bres
395 2885 565 2936 41,14

198 2937 368 2982 Achivi
400 2943 477 2995 24,
504 2945 560 2984 24
592 2945 670 2996 26,
698 2945 722 2984 7

1099 1468 1272 1512 occidit
1303 1473 1381 1525 26,
1407 1474 1464 1513 20
1511 1469 1570 1513 ab
1600 1469 1836 1514 Antenore

1100 1527 1268 1572 certior
1290 1527 1443 1572 factus
1471 1526 1529 1571 de
1551 1527 1709 1584 patria
1729 1541 1836 1585 pro-

1100 1586 1253 1631 denda
1297 1591 1376 1642 47,
1419 1591 1473 1631 10
1536 1586 1651 1631 urbe
1696 1588 1840 1644 capta

1099 1646 1383 1701 Polyxenam
1407 1645 1654 1690 abscondit
1682 1649 1754 1702 49,
1780 1650 1840 1690 20

1100 1705 1256 1761 patria
1309 1704 1528 1749 excedere
1580 1703 1730 1748 iussus
1776 1704 1840 1748 ab

1100 1764 1335 1807 Antenore
1381 1763 1567 1807 Troiam
1613 1762 1842 1820 relinquit

1101 1836 1207 1866 cum
1228 1821 1400 1880 viginti
1431 1821 1611 1866 duabus
1640 1822 1840 1867 navibus

1102 1886 1180 1937 52,
1206 1887 1261 1925 10

1041 1939 1346 1997 Aesculapius
1376 1941 1514 1997 pater
1535 1938 1760 1984 Podalirii
1790 1939 1840 1984 et

1100 1998 1372 2043 Machaonis
1406 2004 1564 2054 18,10

1041 2058 1196 2102 Aeson
1225 2057 1371 2102 frater
1401 2034 1558 2102 Peliae
1591 2062 1639 2112 2,
1666 2061 1688 2100 1

1040 2116 1296 2172 Aethiopia
1327 2121 1404 2172 23,
1430 2122 1456 2161 3

1040 2175 1228 2219 Aetolia
1261 2181 1338 2230 18,
1364 2180 1390 2219 2

1040 2235 1364 2291 Agamemnon
1410 2248 1466 2278 ex
1510 2233 1719 2290 Mycenis
1768 2239 1842 2291 17,

1103 2297 1156 2336 12
1226 2293 1483 2350 imperator
1536 2294 1720 2337 creatur
1768 2298 1838 2350 13,

1099 2357 1155 2396 23
1204 2351 1483 2396 describitur
1515 2357 1591 2407 16,
1623 2357 1648 2396 6
1694 2351 1838 2408 Apol·

1098 2410 1243 2454 linem
1296 2410 1353 2454 de
1413 2410 1538 2454 bello
1597 2410 1838 2455 consulen-

1099 2469 1209 2513 dum
1234 2469 1400 2513 suadet
1432 2474 1506 2525 19,
1534 2474 1587 2513 13
1637 2468 1840 2512 Dianam

1099 2527 1269 2572 Aulide
1313 2528 1476 2584 placat
1512 2532 1589 2582 20,
1617 2532 1672 2573 15
1729 2527 1839 2571 Pro·

1099 2586 1316 2631 tesilaum
1368 2585 1616 2643 magnifico
1678 2585 1841 2630 funere

1101 2644 1236 2689 effert
1290 2648 1366 2700 25,
1407 2650 1433 2688 9
1494 2644 1743 2701 imperium
1794 2643 1840 2688 61

1102 2704 1353 2760 derogatur
1383 2707 1462 2757 31,
1486 2707 1516 2746 4
1571 2703 1758 2760 legatus
1781 2702 1839 2754 ,in

1100 2761 1300 2818 Mysiam
1337 2760 1543 2805 mittitur
1579 2766 1658 2818 32,
1686 2766 1738 2804 11
1788 2760 1839 2804 in

1102 2820 1351 2876 imperium
1375 2819 1642 2864 restituitur
1672 2824 1752 2874 35,
1779 2824 1834 2862 15

1103 2893 1131 2922 a
1178 2878 1335 2923 Troilo
1380 2878 1652 2922 vulneratur
1693 2883 1773 2934 37,
1810 2882 1838 2921 9

1104 2937 1291 2982 Troiam
1322 2936 1546 2993 relinquit
1577 2942 1653 2994 51,
1679 2941 1736 2980 20
