1956 3178
265 91 335 144 26
787 91 1004 133 mc'rvs
1036 91 1374 134 CRETENSIS

265 218 411 270 luere
437 219 766 286 paterentur.
824 216 927 269 1100
946 216 1104 269 1110ᾶο
1130 235 1226 284 per
1245 215 1644 269 miserationem
1669 219 1878 270 servata

266 288 469 342 civitas,
545 290 779 340 ceterum
825 286 1001 355 regios
1045 305 1240 355 pueros
1278 285 1451 339 Cobin
1498 289 1550 339 et
1587 285 1877 340 Corianum

266 375 555 426 eorumque
594 375 831 410 sororem
858 355 1096 410 Glaucen
1122 357 1491 426 expetentibus
1519 356 1735 410 Graecis
1772 361 1877 411 tra-

266 428 469 481 didere:
518 446 678 496 quam
723 427 898 480 nostri
935 428 1088 480 Aiaci
1138 429 1206 481 ob
1253 427 1416 480 fortia
1461 427 1604 479 facta
1641 428 1754 480 eius
1791 445 1877 480 ex-

224 515 245 548 ε»
269 502 476 567 ceptam
501 498 736 566 reliquae
761 498 989 566 praedae
1014 498 1316 550 habendam
1342 497 1657 551 concedunt.
1701 515 1875 567 neque

265 569 436 621 multo
485 571 608 636 post
647 572 1029 621 Neandrienses
1068 569 1358 640 supplices⁴
1387 571 1441 620 et
1487 586 1607 620 cum
1644 585 1774 636 pace
1811 567 1878 621 ad

266 640 499 692 Graecos
547 638 876 691 conveniunt
923 639 1212 692 amicitiam
1262 642 1316 691 et
1353 638 1559 704 omnia,
1608 656 1745 706 quae
1782 638 1878 691 im-

264 710 621 778 peravissent,
661 708 895 762 facturos
932 709 1177 777 polliciti.
1244 709 1362 778 quis
1399 709 1649 777 perfectis
1688 709 1879 762 Graeci

268 779 462 834 Oillam
498 780 736 901 aggressi
763 797 1151 848 expugnavere.
1207 797 1380 848 neque
1406 783 1587 832 tamen
1613 777 1878 847 Coronen,

202 867 243 900 10
267 869 402 919 quae
450 850 556 902 hau
639 851 828 919 procul
877 851 1084 919 aberat,
1135 851 1483 920 contingunt,
1542 850 1600 901 in
1649 849 1879 918 gratiam

265 921 681 988 Neandriorum,
721 922 813 989 qui
851 920 1053 972 domini
1092 921 1324 973 civitatis
1363 920 1474 972 eius
1500 919 1680 972 fideles
1719 922 1878 988 atque

270 991 576 1044 amicissimi
614 991 771 1043 nobis
809 990 876 1043 ad
912 990 1014 1043 hoc
1051 994 1260 1059 tempus
1298 992 1716 1059 permanserant.

406 1060 551 1114 XIV.
612 1060 816 1113 Eadem
853 1064 1168 1129 tempestate
1208 1061 1482 1113 oraculum
1507 1059 1691 1128 Pythii
1716 1058 1878 1112 Grae·

269 1132 343 1184 cis
381 1131 649 1199 perfertur
675 1130 1073 1183 concedendum
1099 1131 1164 1183 ab
1202 1131 1464 1198 omnibUS,
1503 1130 1583 1182 uti
1607 1148 1704 1199 per
1727 1129 1879 1183 Pala-

203 1219 244 1251 15
268 1202 460 1254 meden
473 1201 718 1270 Apollini
732 1200 1004 1254 Zminthio
1026 1201 1342 1254 sacrificium
1361 1200 1723 1253 exhiberetur:
1744 1217 1879 1269 quae

267 1290 351 1324 res
389 1273 571 1324 multis
608 1275 760 1341 grata
787 1273 855 1324 ob
893 1271 1210 1324 industriam
1237 1275 1291 1324 et
1315 1289 1552 1324 amorem
1577 1270 1693 1339 viri,
1721 1288 1879 1339 quem

266 1343 406 1395 circa
443 1360 655 1395 omnem
694 1342 983 1394 exercitum
1022 1342 1331 1409 exhibebat,
1371 1341 1647 1394 nonnullis
1685 1341 1880 1394 ducum

266 1413 438 1466 dolori
484 1412 676 1465 fuerat.
753 1415 988 1465 ceterum
1033 1412 1329 1465 immolatio
1379 1414 1594 1464 centum
1643 1410 1879 1464 victima-

264 1502 406 1551 rum,
456 1483 612 1535 sicuti
660 1482 989 1551 praedictum
1044 1485 1182 1550 erat,
1236 1500 1335 1550 pro
1396 1485 1588 1534 cuncto
1646 1481 1879 1534 exercitu

202 1572 243 1604 20
267 1553 644 1621 exhibebatur,
692 1556 981 1621 praeeunte
1028 1551 1229 1621 Chryse
1276 1552 1382 1604 loci
1429 1552 1541 1604 eius
1590 1550 1878 1604 sacerdote.

266 1625 484 1677 interim
522 1642 578 1675 re
617 1623 835 1692 cognita
859 1623 1164 1675 Alexander
1201 1626 1527 1692 congregata
1553 1624 1880 1683 armatorum

265 1713 427 1746 manu
465 1693 532 1745 ad
567 1693 959 1761 prohibendum
986 1693 1162 1746 venit:
1202 1711 1322 1745 eum
1349 1691 1453 1745 duo
1479 1692 1686 1760 AiaceS,
1711 1691 1880 1760 prius-

268 1783 429 1832 quam
467 1763 532 1815 ad
569 1763 828 1831 templum
868 1763 1346 1831 adpropinquaret,
1385 1761 1680 1814 interfectis
1754 1761 1880 1814 luri-

266 1835 366 1886 mis
401 1834 670 1903 fugavere.
746 1833 837 1885 sed
863 1833 1106 1913 Chry-ses,
1145 1851 1302 1901 quem
1339 1831 1666 1885 sacerdotem
1746 1831 1880 1884 min·
1950 1895 1956 1902 ι

204 1921 245 1953 25
267 1905 369 1957 thii
423 1904 693 1972 Apollinis
750 1922 911 1972 supra
966 1903 1219 1968 d1x1muS,
1286 1903 1562 1970 utriusque
1619 1902 1879 1955 exercitus

268 1975 526 2028 offensam
572 1977 841 2042 metuenS,
894 1974 1117 2042 quisque
1163 1973 1399 2041 partium
1448 1972 1517 2024 ad
1561 1990 1683 2024 eum
1718 1989 1878 2024 vene-

266 2048 375 2113 rat,
417 2063 536 2097 cum
573 2044 657 2096 his
696 2062 750 2096 se
790 2044 1099 2096 adiunctum
1138 2061 1250 2096 esse
1289 2042 1589 2095 simulabat.
1664 2042 1881 2095 interim

267 2115 326 2166 in
365 2133 427 2167 eo
455 2114 712 2166 sacrificio
739 2114 1043 2166 Philocteta
1078 2113 1222 2166 haud
1246 2113 1433 2182 procul
1471 2113 1537 2165 ab
1568 2130 1658 2164 ara
1692 2111 1880 2180 templi

268 2185 380 2237 eius
417 2183 630 2236 adstans
677 2202 858 2236 morsu
896 2186 1156 2252 serpentis
1194 2184 1334 2236 forte
1361 2183 1718 2252 contingitur:
1757 2181 1913 2235 dein*

203 2271 245 2305 30
269 2256 334 2308 ab
384 2255 630 2307 omnibus
691 2254 783 2322 qui
838 2253 1328 2306 animadverterant
1383 2253 1613 2306 clamore
1669 2251 1880 2306 sublato

267 2324 454 2379 Ulixes
501 2342 782 2377 accurrens
829 2326 1128 2391 serpentem
1174 2324 1450 2376 interficit:
1499 2340 1672 2391 neque
1708 2321 1880 2374 multo
1954 2363 1956 2365 .

268 2399 393 2464 post
426 2395 729 2447 Philocteta
766 2411 887 2446 cum
922 2394 1121 2461 pauciS,
1160 2394 1240 2445 uti
1279 2396 1577 2459 curaretur,
1617 2391 1880 2444 Lemnum
1951 2391 1953 2394 ⁴

266 2466 499 2518 insulam
524 2465 772 2531 mittitur,
807 2481 1037 2531 namque
1073 2464 1130 2515 in
1168 2481 1230 2515 ea
1267 2480 1416 2515 sacra
1442 2462 1687 2515 Vulcano
1735 2465 1882 2514 ante-

269 2536 418 2588 stites
476 2535 560 2586 dei
616 2534 919 2586 inhabitare
978 2534 1044 2586 ab
1083 2533 1296 2585 accolis
1355 2532 1628 2584 dicebatur
1693 2531 1881 2584 solitos

203 2620 245 2654 35
268 2605 467 2657 mederi
505 2605 752 2657 adversus
792 2621 999 2656 venena
1035 2602 1355 2655 huiusmodi.

381 2721 406 2759 5
437 2719 606 2772 predae
643 2719 722 2759 GB
823 2719 848 2758 6
878 2721 1193 2759 mentorenses
1227 2716 1305 2757 GB
1331 2714 1338 2769 Ι
1363 2715 1566 2769 suplices
1601 2716 1635 2756 G
1751 2716 1775 2756 7
1808 2726 1881 2755 co·
1935 2708 1939 2710 ’

266 2788 424 2817 ronem
465 2774 542 2816 GB
665 2777 690 2816 9
729 2774 1064 2816 meandriorum
1102 2772 1202 2821 GB,
1252 2773 1505 2814 Perizonius
1552 2770 1882 2813 Neandriorum

270 2833 322 2872 15
354 2830 576 2871 zminthio
607 2836 670 2872 sic
703 2831 781 2871 GB
885 2833 940 2871 24
970 2828 1186 2870 Zminthii
1219 2828 1297 2869 GB
1384 2829 1437 2869 26
1467 2832 1520 2868 ut
1551 2828 1740 2880 quisque
1775 2826 1879 2867 Vin-

268 2889 433 2940 dinyius
454 2888 625 2939 frustra
645 2890 776 2929 locum
799 2892 1005 2939 temptans
1062 2887 1117 2927 34
1139 2884 1459 2926 deinhabitare
1483 2884 1518 2925 G
1546 2882 1807 2924 inhabitare
1825 2881 1879 2923 B.
