1956 3178
231 98 296 149 14
746 97 964 141 morrs
997 97 1332 142 CRETENSIS

228 240 291 274 ex
328 222 517 274 insulis
557 221 875 291 Cycladibus
913 221 1081 275 XXX.
1158 241 1349 291 easque
1387 228 1583 293 magna
1628 226 1682 278 vi
1727 225 1838 277 fru-

225 293 394 344 menti
420 293 751 360 aliorumque
777 294 1197 345 necessariorum
1223 294 1327 345 cibi
1353 293 1576 362 replent.
1639 295 1837 364 quippe

226 363 302 415 ita
328 363 393 414 ab
419 364 826 431 Agamemnone
846 363 1159 416 mandatum
1185 367 1513 432 acceperant,
1542 364 1744 418 scilicet
1766 382 1838 417 ne

224 436 376 485 tanta
412 434 492 484 vis
518 433 748 485 militum
783 434 1202 486 necessariorum
1240 435 1464 502 penuria
1500 434 1834 504 fatigaretur.

181 518 202 551 5
365 501 566 555 XVIII.
638 503 812 572 Igitur
857 504 999 555 inter
1052 507 1263 556 tantum
1314 504 1561 556 classium
1617 522 1841 573 appara·-

222 577 339 626 tum
377 573 499 640 equi
537 576 696 641 atque
748 591 931 625 currus
967 574 1144 626 bellici
1194 574 1261 626 ob
1298 575 1539 626 locorum
1577 575 1839 628 conditio·

221 661 345 695 nem
395 642 576 710 multi,
624 643 714 695 sed
763 642 1031 711 pedestres
1078 643 1274 696 milites
1311 662 1432 712 pars
1469 646 1724 713 maxima,
1764 645 1832 697 ob

224 731 339 765 eam
401 730 637 781 causam,
711 713 835 781 quia
893 731 989 781 per
1045 718 1262 766 ¹omnem
1326 714 1602 767 Graeciam
1663 714 1833 767 multo

222 783 422 835 maiore
473 786 708 851 egestate
753 784 964 851 pabuli,
1014 784 1279 851 equitatus
1329 803 1455 836 usus
1501 785 1834 852 prohibetur.

160 867 201 899 10
222 856 497 921 praeterea
533 853 683 905 fuere
730 853 911 921 multi,
962 854 1053 921 qui
1103 854 1170 906 ob
1209 854 1336 906 artis
1374 855 1621 923 peritiam
1657 871 1834 908 neces—

223 923 348 975 sarii
385 923 601 975 nautico
640 924 921 991 apparatui
959 923 1324 976 credebantur.
1396 942 1491 992 per
1527 925 1667 977 idem
1702 927 1834 978 tem-

221 1011 321 1060 pus
346 992 540 1061 Lycius
566 992 842 1061 Sarpedon
878 1010 1051 1062 neque
1090 994 1261 1061 pretio
1300 1013 1472 1062 neque
1498 995 1672 1064 gratia
1695 994 1834 1046 Pha—

220 1063 358 1130 lidis,
397 1061 739 1115 Sidoniorum
776 1064 914 1133 regis
926 1105 940 1131 ,
997 1069 1142 1116 inlici
1176 1069 1355 1128 quivit,
1405 1070 1478 1117 uti
1520 1065 1830 1117 societatem

220 1133 442 1184 militiae
461 1136 677 1185 nostrae
697 1134 977 1186 adversum
997 1133 1259 1186 Troianos
1279 1137 1612 1203 sequeretur:
1633 1135 1833 1203 quippe
1858 1171 1869 1177 s

158 1216 199 1247 15
223 1220 381 1270 quem
418 1203 524 1255 iam
550 1203 794 1255 Priamus
833 1204 986 1255 donis
1033 1204 1380 1271 amplioribus
1419 1205 1599 1272 eisque
1644 1207 1852 1272 postea-

221 1272 503 1340 duplicatis
529 1273 843 1325 fidissimum
881 1274 983 1325 sibi
1010 1274 1317 1326 retinuerat.
1383 1275 1623 1326 omnium
1652 1277 1831 1326 autem

222 1342 469 1394 classium
506 1361 773 1410 numerus,
813 1361 971 1411 quem
1010 1362 1073 1395 ex
1110 1343 1331 1396 diversis
1359 1343 1612 1396 Graeciae
1649 1344 1832 1414 regnis
1893 1411 1898 1418 x

222 1415 555 1464 contractum
581 1431 740 1481 supra
766 1414 1122 1481 exposuimUS,
1147 1416 1263 1466 toto
1291 1415 1660 1482 quinquennio
1679 1431 1830 1482 prae-

219 1485 434 1550 paratus
481 1483 877 1551 instructusque
925 1487 1018 1538 est.
1112 1484 1188 1535 ita
1235 1501 1355 1535 cum
1399 1484 1549 1536 nulla
1592 1484 1700 1536 iam
1744 1502 1833 1536 res

156 1566 196 1597 20
218 1551 624 1621 profectionem,
662 1553 767 1604 nisi
805 1553 1047 1605 absentia
1082 1553 1266 1605 militis
1303 1553 1610 1621 retardaret,
1651 1554 1828 1606 cuncti

220 1621 377 1674 duces
423 1622 590 1674 veluti
638 1624 792 1692 signo
841 1623 964 1675 dato
1009 1641 1115 1675 una
1162 1627 1321 1691 atque
1367 1623 1551 1675 eodem
1587 1627 1832 1692 tempore

218 1691 470 1742 Aulidam
508 1692 799 1744 confluunt.

358 1759 505 1812 XIX.
577 1762 801 1814 Interim
848 1762 906 1812 in
964 1762 1081 1830 ipsa
1135 1762 1423 1830 navigandi
1482 1762 1831 1815 festinatione

218 1830 608 1900 Agamemnon,
647 1849 805 1899 quem
843 1849 874 1882 a
911 1832 1115 1883 cunctis
1160 1848 1341 1901 regem
1381 1832 1621 1884 omnium
1658 1831 1827 1885 decla-

154 1914 195 1946 25
217 1904 392 1952 ratum
439 1918 598 1968 supra
644 1901 943 1968 docuimUS,
1000 1902 1214 1969 longius
1260 1901 1419 1969 paulo
1477 1903 1543 1954 ab
1591 1902 1827 1954 exercitu

216 1987 527 2038 progressus
572 1970 712 2023 forte
760 1971 1022 2038 conspicit
1068 1972 1205 2023 circa
1257 1972 1436 2023 lucum
1481 1970 1688 2025 Dianae
1735 1989 1826 2040 pa—

218 2043 452 2091 scentem
489 2057 733 2108 capream
770 2040 1183 2109 imprudensque
1229 2041 1506 2110 religionis
1517 2083 1531 2109 ,
1585 2058 1720 2109 quae
1765 2041 1824 2093 in

217 2126 279 2160 eo
317 2108 436 2161 loco
484 2113 621 2177 erat,
668 2111 841 2162 iaculo
887 2111 1171 2180 transfigit.
1255 2128 1430 2179 neque
1484 2110 1653 2163 multo
1699 2114 1824 2178 post

216 2178 366 2230 irane
420 2179 631 2231 caelesti
684 2198 752 2231 an
812 2181 879 2231 ob
926 2181 1279 2232 mutationem
1327 2181 1462 2233 aeris
1510 2180 1822 2248 corporibus

153 2261 194 2292 30
216 2249 584 2315 pertemptatis
638 2249 750 2301 lues
807 2249 1026 2301 invadit.
1120 2253 1278 2318 atque
1333 2251 1550 2303 interim
1603 2251 1661 2302 in
1712 2249 1825 2302 dies

216 2317 386 2386 magis
432 2319 707 2387 magisque
767 2319 1006 2371 saeviens
1063 2319 1233 2371 multa
1294 2320 1443 2372 milia
1496 2320 1722 2390 fatigare
1769 2322 1823 2371 et

328 2431 627 2472 XIX—XXII
646 2431 804 2473 Malal.
825 2433 905 2474 123
928 2431 1123 2475 Cedren.
1142 2431 1179 2472 P
1199 2435 1291 2476 124.
1311 2435 1391 2475 125
1408 2433 1566 2474 Tzetz.
1582 2431 1821 2473 Antehom.

219 2487 439 2527 191-209
470 2486 618 2528 Dares
647 2487 775 2528 XXV
804 2488 977 2528 Auctor
1006 2486 1098 2528 τῶν
1133 2486 1358 2541 Τρωϊκῶν
1387 2489 1434 2529 in
1463 2490 1515 2533 Β.
1547 2488 1639 2530 Uff.
1663 2486 1821 2528 XXIII

214 2541 475 2646 ἒξεέᾒιὲἰθί
503 2542 867 2595 Hephaestionis
906 2555 1011 2586 nov.
1046 2543 1302 2585 fabularum
1334 2545 1566 2598 Excerpta
1597 2543 1658 2596 (p.
1690 2545 1760 2597 39,
1791 2543 1820 2583 9

328 2696 353 2734 2
392 2695 497 2746 cybi
537 2695 573 2736 G
694 2697 719 2736 6
759 2695 893 2749 aequi
935 2696 970 2737 G
1103 2698 1128 2737 9
1168 2708 1356 2750 eq.usus
1406 2696 1631 2750 egestatis
1666 2707 1751 2737 usu
1783 2695 1822 2736 Cr*

217 2751 267 2790 13
297 2749 423 2803 frigii
455 2749 534 2791 GB
563 2750 768 2792 Phalidis
800 2765 915 2793 corr.
948 2752 990 2791 P
1016 2765 1109 2792 num
1136 2759 1267 2801 reete,
1306 2765 1561 2806 maynopere
1599 2752 1819 2805 quaeritur

213 2805 523 2902 {nnzqqzlzsqui
553 2806 736 2847 uirtutis
771 2808 849 2848 ΕΒ
907 2806 1023 2848 illici
1053 2809 1205 2860 potuit
1233 2812 1284 2848 ut
1312 2809 1501 2850 uirtutis
1532 2820 1569 2848 s.
1588 2808 1631 2848 P
1656 2807 1818 2848 emend.
