1956 3178
252 118 323 170 20
766 117 986 160 DICTYS
1019 118 1356 161 CRETENSIS

395 244 490 296 IV.
564 243 783 311 Iamque
833 243 936 295 diei
986 243 1300 311 plerumque
1347 247 1700 312 processerat,
1742 262 1866 299 cum

254 318 479 394 utraque
518 314 629 365 acie
678 314 886 365 intenta
932 314 1196 382 proelium
1234 314 1349 366 sine
1387 313 1497 366 ulla
1531 315 1714 383 requie
1751 315 1866 386 iugi

255 385 542 438 certamine
581 401 642 435 ac
692 386 905 436 strenue
944 385 1224 436 adversum
1261 402 1316 435 se
1355 384 1575 436 ducibus
1618 384 1868 466 fatigare-

255 459 359 508 tur.
433 472 664 521 namque
710 457 923 507 nostros
969 454 1259 506 multorum
1311 454 1513 507 dierum
1552 455 1677 507 navi
1738 473 1769 508 o
1807 455 1866 508 in

193 541 214 574 5
258 526 591 594 aliquantum
617 524 903 576 exhaustos
940 525 1167 576 maxime
1192 525 1495 593 praesentia
1520 525 1743 594 Telepi
1773 525 1866 578 de-

256 597 576 648 bilitaverat.
672 594 717 645 is
772 613 1003 663 namque
1058 594 1287 646 Hercule
1341 596 1555 665 genitus
1614 613 1867 664 procerus

256 683 479 734 corpore
517 683 578 716 ac
614 664 823 732 pollens
861 665 1088 732 viribus7
1127 665 1318 717 divinis
1354 666 1541 733 patriis
1580 666 1868 719 virtutibus

255 737 529 805 propriam
566 735 793 815 gloriam
818 736 1268 804 aequiparaverat.
1344 736 1511 805 igitur
1546 736 1867 790 adventante

255 810 413 859 nocte
472 806 676 858 cunctis
733 806 1069 874 cupientibus
1123 805 1332 874 requies
1387 806 1515 858 belli
1575 806 1742 858 facta:
1804 824 1868 860 ac

195 892 235 924 10
257 877 428 929 Moesi
466 876 532 928 ad
570 894 624 927 se
663 875 879 928 domum
892 918 906 944 7
953 876 1123 928 nostri
1172 875 1236 927 ad
1281 894 1444 928 naves
1482 875 1867 945 digrediuntur.

257 950 492 1000 ceterum
538 946 596 998 in
644 965 706 998 ea
752 963 938 1015 pugna
989 947 1265 1014 utriusque
1305 947 1563 998 exercitus
1601 946 1869 1000 interfecti

257 1017 416 1069 multi
453 1016 720 1085 mortales7
760 1016 850 1068 sed
889 1021 942 1068 et
978 1017 1244 1068 vulnerati
1280 1035 1402 1084 pars
1428 1017 1683 1068 maxima:
1721 1034 1870 1085 pror-

257 1107 346 1140 sus
382 1086 533 1139 nullo
572 1090 664 1139 aut
699 1087 979 1155 perpaucis
1028 1087 1175 1138 clade
1221 1086 1350 1138 belli
1397 1087 1508 1138 eius
1546 1087 1867 1155 expertibus,

259 1158 381 1210 dein
421 1159 601 1209 secuta
632 1157 715 1208 die
753 1158 916 1226 legati
955 1157 1184 1209 invicem
1210 1156 1272 1208 de
1312 1156 1643 1224 sepeliendiS,
1682 1157 1775 1225 qui
1811 1157 1871 1209 in

198 1242 239 1274 15
260 1228 403 1280 bello
443 1227 756 1294 ceciderant,
788 1228 1099 1279 mittuntur:
1139 1230 1296 1307 atque
1335 1227 1410 1278 ita
1447 1226 1674 1279 induciis
1712 1227 1872 1280 inter·-

260 1298 450 1367 positis
468 1297 691 1349 collecta
714 1315 938 1365 corpora
958 1297 1154 1365 atque
1140 1297 1254 1367 igni
1276 1299 1508 1349 cremata
1525 1296 1869 1366 sepeliuntur.

400 1367 466 1420 V.
541 1367 765 1419 Interim
803 1367 1142 1435 Tlepolemus
1161 1343 1234 1419 Oet
1270 1385 1391 1418 cum
1427 1366 1593 1419 fratre
1626 1367 1869 1436 Antipho

258 1437 583 1507 Phidippus7
622 1456 756 1505 quos
804 1437 1060 1490 Thessalo
1110 1437 1321 1506 genitos
1367 1440 1590 1505 nepotes
1624 1436 1872 1490 Herculis
1950 1443 1953 1446 ’

260 1527 421 1576 supra
457 1509 894 1575 memoravimus7
935 1508 1151 1586 cognito
1191 1506 1486 1575 Telephum
1522 1507 1580 1558 in
1617 1506 1701 1559 his
1739 1507 1871 1560 locis

197 1594 242 1626 20
261 1579 566 1658 imperitare
603 1578 797 1630 fiducia
823 1578 1160 1648 cognationis
1187 1577 1253 1629 ad
1291 1595 1411 1628 eum
1437 1577 1663 1630 veniunt
1700 1577 1870 1646 eique,

262 1649 482 1717 quinam
521 1654 697 1701 essent
735 1652 788 1700 et
825 1649 1138 1716 quibuscum
1182 1647 1551 1716 navigassent,
1601 1665 1871 1716 aperuere.

261 1719 385 1770 dein
420 1719 590 1771 multa
626 1719 856 1770 invicem
904 1721 1221 1786 consumpta
1270 1717 1511 1769 oratione
1560 1716 1626 1768 ad
1670 1720 1874 1785 postre-

260 1807 408 1840 mum
444 1789 617 1841 nostri
654 1789 827 1841 acrius
863 1789 1121 1855 incusare,
1162 1787 1304 1856 quod
1340 1790 1450 1838 tam
1478 1786 1747 1839 hostiliter
1783 1787 1871 1840 ad-
1928 1849 1930 1851 ,

261 1877 473 1911 versum
511 1877 634 1911 suos
671 1862 985 1910 versaretur.
1049 1860 1511 1936 Agamemnonem
1554 1874 1785 1926 namque
1821 1859 1877 1910 et
1922 1872 1924 1874 ·

199 1944 240 1976 25
263 1928 567 1981 Menelaum
579 1929 878 1997 Pelopidas7
898 1947 1010 1981 non
1030 1928 1231 1980 alienos
1252 1945 1461 1996 genens
1482 1927 1563 1978 sui
1584 1944 1706 1979 eum
1728 1945 1875 1980 exer-

263 2000 428 2051 citum
467 2000 806 2052 contraxisse.
880 1999 1002 2051 dein
1041 2016 1174 2066 quae
1212 1998 1351 2049 circa
1388 1997 1603 2048 domum
1641 1995 1875 2050 Menelai
1952 2061 1956 2063 -

263 2069 328 2120 ab
366 2068 672 2121 Alexandro
723 2069 1004 2121 commissa
1055 2070 1230 2120 essent
1275 2069 1590 2135 raptumquc
1630 2066 1868 2119 Helenae

264 2138 480 2191 docent.
509 2142 666 2207 atque
693 2139 875 2191 decere
902 2157 1022 2191 eum
1049 2156 1168 2191 cum
1194 2143 1414 2206 propter
1439 2136 1872 2217 consanguinita-

262 2212 371 2260 tem
397 2211 511 2260 tum
530 2209 814 2277 praecipue
837 2209 903 2260 ob
929 2209 1099 2260 scelus
1119 2208 1305 2260 violati
1325 2207 1622 2259 communis
1647 2206 1870 2275 hospitii
1950 2208 1956 2266 J

199 2295 241 2326 30
265 2278 480 2331 Graecis
517 2279 658 2331 ultro
694 2279 833 2331 ferre
859 2267 1131 2345 auxilium7
1169 2278 1227 2328 in
1265 2295 1491 2345 quorum
1530 2276 1757 2347 gratiam
1794 2277 1872 2344 ip·

264 2349 372 2401 sius
411 2349 571 2400 etiam
595 2348 843 2401 Herculis
869 2348 1099 2416 plurima
1136 2347 1379 2399 laborum
1405 2350 1753 2398 monumenta
1777 2363 1874 2414 per
1954 2368 1956 2372 ·

263 2420 434 2471 totam
460 2420 736 2471 Graeciam
763 2418 1001 2470 existere.
1065 2417 1130 2469 ad
1157 2435 1218 2468 ea
1243 2416 1524 2484 Telephus7
1564 2416 1664 2468 etsi
1689 2415 1872 2468 dolore
1944 2413 1956 2429 '¹

264 2489 499 2541 vulneris
545 2489 810 2542 inmodice
857 2488 1237 2551 afflictabatur,
1286 2487 1518 2555 benigne
1565 2489 1746 2538 tamen
1792 2503 1871 2538 re-

378 2621 403 2659 3
434 2619 634 2658 strenuis
672 2618 715 2656 V
777 2620 832 2658 In
871 2617 938 2657 ed.
978 2615 1075 2659 Obr
1115 2616 1290 2667 legitur:
1328 2613 1502 2666 proelio
1535 2613 1633 2654 sine
1674 2612 1770 2653 ulla
1801 2625 1870 2654 re·
1918 2601 1956 2671 ’ἱ

267 2674 371 2727 quie
410 2686 464 2714 ac
501 2674 598 2726 iugi
638 2673 884 2713 certamine
923 2671 1125 2712 strenuis
1166 2675 1256 2711 etc.
1295 2684 1349 2709 an
1385 2670 1650 2710 scribendum
1687 2673 1874 2710 strenue
1943 2675 1956 2727 ᾗ

268 2730 620 2770 aduersantibus
644 2729 866 2769 ducibus?
983 2729 1008 2768 8
1041 2726 1423 2779 aequiparauerat
1457 2726 1492 2766 G
1504 2724 1513 2750 ¹
1562 2725 1795 2778 aequiper.
1819 2722 1877 2766 G²

269 2787 322 2826 15
353 2785 650 2826 caeciderant
683 2784 718 2825 G
833 2784 886 2824 18
916 2781 1113 2837 fidippus
1146 2781 1224 2822 GB
1337 2783 1391 2822 25
1422 2782 1583 2834 generi
1615 2779 1669 2822 0¹
1733 2791 1878 2833 gene·
1954 2815 1956 2818 Α

267 2842 330 2881 ris
363 2839 417 2882 G2
502 2842 556 2881 28
588 2841 966 2893 sanguinitatem
982 2840 1017 2880 G
1110 2840 1162 2880 32
1194 2836 1401 2878 Gratiam
1435 2838 1469 2877 G
1526 2835 1770 2890 thelephus
1792 2835 1871 2877 GB
1948 2857 1954 2863 .

267 2898 333 2939 hie
366 2903 408 2937 et
435 2899 678 2949 saepissime
739 2897 827 2937 etsi
857 2897 981 2940 cedd.
1016 2896 1266 2944 deteriores,
1301 2898 1346 2933 et
1380 2893 1427 2933 G.
