1956 3178
622 114 809 157 BELm
839 114 1091 157 ‘moiun
1122 114 1238 156 Lm.
1267 115 1321 156 v.
1710 114 1780 168 99

0 255 6 262 '
98 208 105 218 ·
161 241 328 296 tantis
363 241 785 322 tempestatibus
818 243 1039 310 propter
1083 240 1362 321 mulierem
1410 241 1615 309 experti
1660 259 1778 322 per-

161 313 409 393 pessique
455 315 655 382 essent,
704 311 908 381 primus
956 311 1198 365 omnium
1242 311 1472 365 interfici
1519 329 1635 364 eam
1673 311 1779 364 ius-

163 387 328 436 serat:
377 383 485 436 iam
524 401 590 436 ue
629 382 1053 452 adprobantibus
1102 382 1386 435 consilium
1423 382 1606 435 Aiacis
1642 382 1778 435 mul-

161 453 232 507 tis
285 454 442 508 bonis
558 453 774 507 enelaus
840 471 1077 506 amorem
1133 453 1372 524 coniugii
1432 453 1594 506 etiam
1646 455 1779 507 tunc

162 525 400 578 retinens
446 524 687 595 singulos
743 523 1032 577 ambiundo
1090 524 1399 594 orandoque
1457 524 1524 576 ad
1568 527 1818 593 postte-5

161 613 310 648 mum
345 594 665 664 perfecerat
713 595 795 647 uti
831 595 1124 648 intercessu
1163 594 1338 648 Ulixis
1376 594 1587 648 Helena
1634 595 1779 648 inco-

161 665 321 719 lumis
369 666 471 718 sibi
516 665 829 718 traderetur,
905 666 1086 746 itaque
1133 667 1213 718 uti
1261 666 1458 719 iudicio
1498 666 1779 719 amborum

42 725 51 754 ²
82 787 83 790 ,
162 736 354 789 merita
391 740 746 806 expectanteS,
786 737 905 806 quis
945 737 1106 789 etiam
1143 755 1288 789 nunc
1324 736 1526 790 bellum
1574 736 1632 788 in
1669 755 1779 789 ma-

38 1202 51 1224 A·

22 1307 43 1363 ,ιω
36 1284 43 1294 .
24 1248 46 1263 '1

31 2002 37 2013 “
27 1897 52 1932 an
17 1385 58 1877 -‘¹·;.,-.]4”⁸‚:·I‘⁴·s?-z..<cff⁴-AJ‘4-th

161 806 320 860 nibus
367 810 527 876 atque
574 807 797 860 hostiles
842 807 1043 859 multae
1089 807 1338 860 nationes
1378 807 1779 876 circumstrepe-

161 880 298 945 rent,
335 877 487 930 nullo
524 877 719 930 dilectu
746 878 985 931 virorum
1021 877 1245 931 fortium
1271 879 1570 947 spretisque
1595 878 1778 930 Aiacis
1801 893 1842 925 ιο

164 948 393 1019 egregiis
448 948 778 1002 facinoribus
815 967 876 1001 ac
923 948 1206 1017 frumenti,
1247 949 1391 1018 quod
1439 967 1503 1001 ex
1549 948 1779 1002 Thracia

163 1019 472 1087 advexerat,
511 1038 608 1088 per
644 1023 819 1072 totum
867 1020 1157 1072 exercitum
1204 1019 1581 1072 distributione
1629 1018 1780 1072 Ulixi

160 1061 472 1142 Palladium
499 1090 734 1143 tradunt.

303 1159 423 1214 XV.
507 1159 680 1222 Quare
726 1161 905 1214 cuncti
952 1160 1109 1213 duces
1167 1160 1259 1229 qui
1307 1178 1570 1230 memores
1613 1161 1778 1213 virtu-

162 1232 279 1282 tum
305 1232 485 1283 Aiacis
521 1231 660 1284 nihil
686 1231 1095 1300 praeferendum
1130 1231 1179 1283 ei
1217 1234 1537 1284 censuerant
1579 1231 1777 1300 quique
1800 1244 1842 1278 15

162 1302 329 1354 secuti
382 1301 612 1371 gratiam
659 1301 808 1355 Ulixi
864 1303 1316 1371 impugnaverant
1369 1302 1534 1355 talem
1585 1302 1777 1371 virum,

161 1371 338 1425 studio
376 1373 434 1424 in
459 1376 636 1441 partes
664 1372 956 1425 discedunt.
1029 1372 1245 1425 interim
1280 1373 1419 1426 Aiax
1466 1372 1778 1443 indignatus

161 1444 216 1494 et
261 1443 330 1495 ob
377 1443 432 1495 id
477 1443 648 1496 victus
698 1444 882 1496 dolore
929 1443 1095 1495 animi
1148 1443 1328 1511 palam
1373 1447 1532 1511 atque
1578 1444 1636 1496 in
1686 1461 1778 1496 ore

161 1513 402 1565 omnium
441 1513 732 1566 vindictam
781 1533 835 1566 se
883 1514 1144 1583 sanguine
1197 1532 1406 1582 eorum,
1455 1533 1487 1566 a
1524 1514 1642 1583 quis
1681 1514 1777 1565 im-

198 1587 432 1653 ugnatus
471 1588 632 1649 esset,
673 1589 983 1637 exacturum
1021 1584 1317 1637 denuntiat.
1391 1556 1573 1653 itaque
1611 1602 1675 1637 ex
1714 1602 1775 1664 eo
1799 1599 1842 1632 20

160 1601 348 1707 Ulixes
420 1656 798 1724 Agamemnon
871 1673 932 1707 ac
988 1654 1266 1707 Menelaus
1338 1655 1634 1708 custodiam
1696 1655 1779 1707 sui

162 1741 358 1794 augere
406 1728 459 1777 et
506 1743 611 1794 quo
658 1727 884 1778 tutiores
932 1728 1132 1793 essent,
1180 1744 1388 1778 summa
1436 1743 1536 1794 ope
1583 1725 1778 1795 invigi-

162 1793 289 1847 lare.
355 1799 412 1848 at
449 1796 542 1847 ubi
579 1815 687 1849 nox
726 1797 908 1849 aderat
946 1796 1276 1848 discedentes
1314 1815 1423 1849 uno
1464 1814 1555 1849 ore
1593 1814 1779 1849 omnes

160 1863 393 1919 lacerare
431 1869 716 1947 utrumque
753 1884 935 1936 regem
960 1885 1135 1935 neque
1172 1867 1439 1919 abstinere
1465 1866 1775 1947 maledictiS,

161 1936 359 2005 quippe
406 1938 525 2005 quis
572 1938 744 2007 magis
790 1937 956 1990 libido
1008 1937 1434 2006 desideriumque
1479 1938 1538 1988 in
1574 1937 1777 1990 femina
1799 1949 1841 1984 25

161 2023 320 2075 quam
361 2025 567 2060 summa
602 2009 825 2060 militiae
862 2008 1075 2087 potiora
1111 2007 1307 2060 forent.
1371 2011 1426 2059 at
1462 2007 1596 2060 lucis
1632 2008 1777 2088 prin-

161 2076 302 2145 cipio
341 2078 564 2130 Aiacem
599 2079 658 2130 in
695 2078 871 2130 medio
912 2078 1210 2131 exanimem
1249 2078 1529 2131 offendunt
1563 2079 1777 2147 perqui-

159 2150 442 2216 rentesque
490 2149 678 2201 mortis
724 2166 895 2218 genus
952 2149 1375 2201 animadvertere
1421 2148 1565 2201 ferro
1614 2149 1777 2202 inter-

160 2215 376 2271 fectum.
451 2218 575 2270 inde
626 2222 772 2272 ortus
818 2237 914 2287 per
960 2219 1117 2271 duces
1165 2223 1324 2289 atque
1364 2220 1655 2272 exercitum
1692 2222 1775 2271 tu-

161 2287 363 2340 multus
401 2288 593 2358 ingens
619 2308 679 2342 ac
718 2289 842 2342 dein
867 2289 1056 2342 seditio
1088 2291 1238 2343 brevi
1264 2290 1461 2359 adulta,
1502 2308 1622 2342 cum
1648 2296 1772 2342 ante
1796 2303 1839 2335 30

159 2358 268 2410 iam
320 2358 642 2412 Palameden
701 2361 875 2412 virum
924 2360 1067 2413 domi
1126 2361 1376 2430 belloque
1428 2360 1775 2429 prudentissi-

159 2446 307 2481 mum
364 2447 509 2482 nunc
558 2431 802 2499 Aiacem,
861 2431 1108 2484 inclitum
1160 2435 1244 2484 tot
1300 2431 1530 2500 egregiis
1576 2430 1774 2511 pugnis

161 2501 320 2568 atque
366 2503 620 2568 utrosque
680 2502 887 2554 insidiis
945 2520 1130 2554 eorum
1190 2503 1581 2554 circumventos
1627 2502 1775 2571 inge-

163 2574 474 2650 mescerent.
552 2572 619 2624 ob
659 2590 793 2641 quae
832 2572 1123 2641 supradicti
1160 2590 1312 2642 reges
1350 2572 1524 2641 veriti,
1562 2590 1631 2624 ne
1669 2590 1776 2641 qua

159 2639 241 2692 vis
292 2642 357 2693 ab
405 2642 639 2695 exercitu
685 2647 989 2712 pararetur,
1045 2644 1190 2695 intus
1250 2643 1417 2695 clausi
1461 2643 1766 2712 firmatique
1788 2655 1831 2689 3⁵

158 2728 255 2779 per
303 2713 630 2765 necessarios
678 2717 913 2766 manent.
996 2713 1213 2766 interim
1259 2712 1647 2782 Neoptolemus
1686 2712 1774 2765 ad-

276 2912 328 2951 10
359 2911 619 2964 preciisque
655 2912 732 2954 GB
778 2914 946 2966 spretis
976 2914 1018 2953 P
1132 2915 1180 2952 11
1215 2916 1286 2954 tot
1318 2913 1520 2966 egregiis
1550 2914 1601 2954 P.

1459 2994 1518 3039 ⁷·
