1956 3178
595 98 782 140 BELLI
812 97 1068 141 TROIANI
1097 97 1212 140 LIB.
1244 98 1299 142 V.
1687 96 1757 150 95

139 227 365 280 matrem
417 223 597 278 Solem
634 223 845 276 Lunam
897 226 1059 292 atque
1097 221 1371 276 Oceanum
1416 223 1549 276 fore.
1631 224 1755 276 dein

142 295 330 351 excisis
366 295 426 348 in
462 298 642 364 partes
679 294 809 347 duas
834 293 1041 362 hostiis,
1082 312 1218 363 quae
1256 293 1322 347 ad
1361 312 1479 347 eam
1515 312 1630 347 rem
1668 294 1756 346 ad-

139 370 318 421 motae
356 369 533 434 erant,
582 366 660 419 ita
706 365 787 418 uti
831 383 956 433 pars
1002 364 1070 417 ad
1116 364 1320 434 Solem,
1369 364 1642 418 residuum
1690 365 1757 417 ad

139 456 306 491 naves
343 440 662 506 expectaret,
699 454 796 505 per
831 435 1068 488 medium
1113 438 1410 489 transeunt.
1487 436 1611 489 dein
1651 436 1759 488 An-

141 511 300 562 tenor
335 508 394 560 in
432 506 614 561 eadem
653 508 816 559 verba
850 506 1108 575 placitum
1157 507 1453 560 confirmat.
1528 508 1606 560 ita
1640 525 1756 576 per·
1779 519 1800 552 5

140 579 283 633 fecto
320 578 540 648 negotio
580 577 646 630 ad
684 595 808 630 suos
835 578 1059 646 quisque
1086 577 1302 630 abeunt.
1368 581 1604 631 ceterum
1640 578 1758 631 bar-

111 649 259 703 -bari
294 650 631 701 Antenorem
670 649 891 701 summis
931 648 1116 700 efferre
1154 649 1426 717 laudibus,
1474 649 1758 701 advenien-

140 723 251 774 tem
287 719 488 790 singuli
528 719 681 788 quasi
719 719 876 771 deum
902 719 1172 771 venerari:
1212 720 1385 772 solum
1412 720 1610 789 quippe
1649 738 1759 772 om-

140 791 294 844 nium
330 790 541 843 credere
579 793 853 843 auctorem
901 790 1048 858 pacis
1098 790 1211 842 eius
1260 790 1598 859 adscitaeque
1637 809 1757 843 cum

143 860 360 916 Graecis
397 861 677 914 amicitiae.
749 861 826 913 ita
862 861 1040 930 sopito
1078 861 1186 912 iam
1223 860 1413 913 exinde
1459 861 1601 913 bello
1640 880 1757 930 pas·
1781 874 1823 906 10

143 933 259 1001 sim,
297 932 378 984 uti
405 932 629 1001 quisque
666 931 901 1000 partium
935 932 1195 999 voluerat,
1233 950 1379 984 nunc
1407 931 1598 984 Graeci
1637 950 1758 984 cum

143 1003 390 1056 Troianis
428 1021 716 1071 rursusque
755 1002 812 1054 hi
851 1003 991 1071 apud
1027 1021 1192 1055 naves
1232 1003 1399 1055 amice
1439 1020 1613 1072 agere.
1679 1004 1759 1055 in-

141 1074 298 1126 terim
347 1074 442 1126 ubi
487 1073 676 1126 foedus
725 1074 1112 1142 intervenerat,
1173 1074 1352 1126 cuncti
1407 1075 1759 1126 barbarorum

144 1144 292 1212 socii,
330 1145 423 1213 qui
459 1144 601 1196 bello
639 1143 837 1196 residui
875 1148 1044 1213 erant,
1083 1115 1413 1224 gratulantes
1450 1145 1758 1197 interventu

142 1215 289 1296 pacis
327 1215 394 1267 ad
432 1233 557 1267 suos
600 1214 880 1267 discedunt
915 1233 982 1268 ne
1021 1215 1321 1284 operientes
1358 1215 1572 1284 quidem
1609 1233 1759 1295 prae-
1783 1226 1825 1259 1⁵

143 1286 252 1338 mia
286 1289 562 1339 tantorum
609 1285 977 1338 discriminum
1025 1290 1185 1354 atque
1232 1304 1623 1354 aerumnarum,
1664 1286 1760 1338 sci-

143 1357 270 1409 licet
314 1357 497 1425 veriti,
545 1375 614 1409 ne
662 1375 768 1426 qua
814 1357 960 1424 pacti
1006 1356 1138 1409 fides
1187 1357 1329 1425 apud
1365 1357 1622 1410 barbaros
1660 1356 1761 1409 dis-

143 1427 455 1481 solveretur.

285 1497 378 1551 XI.
441 1497 667 1550 Interim
706 1498 848 1566 apud
885 1516 1064 1564 naves,
1104 1498 1185 1550 uti
1221 1498 1431 1551 Heleno
1469 1498 1758 1567 placuerat,

145 1586 312 1637 equus
357 1568 612 1621 tabulatis
659 1568 924 1621 extruitur
969 1587 1065 1637 per
1112 1568 1338 1637 Epium,
1385 1569 1761 1622 fabricatorem
1785 1581 1826 1612 ²0

146 1639 260 1691 eius
298 1639 500 1707 operiS,
551 1639 636 1691 cui
685 1638 827 1691 edito
866 1639 923 1691 in
961 1640 1267 1691 inmensum
1304 1639 1438 1708 ima,
1486 1657 1621 1708 quae
1661 1640 1758 1692 sub

143 1709 368 1779 pedibus
407 1712 574 1778 erant,
612 1709 745 1762 rotis
784 1710 1117 1778 interpositis
1155 1711 1519 1779 suspenderat,
1560 1710 1763 1763 scilicet

146 1799 254 1849 quo
293 1780 535 1833 adtractu
573 1784 751 1833 motus
788 1780 1001 1833 facilius
1039 1780 1205 1834 foret:
1256 1800 1415 1850 quem
1454 1781 1634 1834 offerri
1672 1781 1761 1834 do-

144 1869 275 1904 num
313 1851 588 1904 Minervae
635 1851 952 1919 maximum,
1006 1852 1246 1904 omnium
1298 1870 1388 1904 ore
1438 1852 1760 1922 agitabatur.

146 1925 383 1974 ceterum
421 1922 563 1991 apud
588 1922 805 1975 Troiam
843 1923 959 1974 auri
995 1925 1153 1990 atque
1191 1923 1403 1992 argenti
1427 1922 1760 1990 praedictum
1783 1936 1825 1969 25

144 1992 354 2062 pondus
391 2011 488 2062 per
511 1994 842 2046 Antenorem
872 1996 1030 2061 atque
1056 1995 1298 2045 Aeneam
1336 2011 1544 2046 summo
1583 1992 1760 2046 studio

146 2063 205 2115 in
243 2063 426 2116 aedem
452 2063 727 2116 Minervae
754 2063 1085 2132 portabatur.
1150 2067 1203 2116 et
1229 2063 1436 2131 Graeci,
1474 2067 1761 2133 postquam

146 2134 346 2187 auxilia
391 2134 659 2187 sociorum
717 2133 933 2186 dimissa
991 2134 1267 2203 cognitum
1326 2137 1430 2203 est,
1483 2134 1761 2203 inpensius

147 2221 333 2272 pacem
370 2207 530 2272 atque
569 2204 859 2257 amicitiam
906 2205 1178 2274 agitavere
1215 2205 1366 2258 nullo
1415 2205 1606 2258 exinde
1644 2206 1761 2257 bar-

146 2274 399 2327 barorum
436 2275 720 2328 interfecto
773 2279 866 2328 aut
911 2276 1220 2343 vulnerato,
1270 2294 1376 2345 quo
1424 2276 1595 2346 magis
1644 2275 1759 2328 sine
1782 2290 1825 2322 ³0

147 2344 261 2397 ulla
286 2344 670 2398 discordiarum
696 2346 993 2415 suspitione
1029 2347 1170 2415 apud
1195 2346 1376 2399 hostes
1414 2346 1579 2399 fuere.
1637 2345 1762 2398 dein

149 2433 344 2484 equum
395 2419 732 2497 compactum
783 2416 1002 2470 adfabre
1051 2418 1427 2486 confixumque
1476 2417 1543 2468 ad
1579 2434 1761 2469 muros

147 2490 369 2539 movent
422 2487 805 2555 praenuntiato
852 2487 1124 2557 Troianis,
1183 2489 1263 2540 uti
1321 2506 1441 2540 cum
1499 2487 1762 2556 religione

150 2557 508 2627 susciperent,
557 2558 834 2611 Minervae
885 2559 1087 2612 scilicet
1142 2577 1347 2611 sacrum
1405 2558 1760 2627 dicatumque.

262 2741 342 2785 XI.
376 2742 467 2784 XII
498 2743 690 2786 Cedren.
721 2746 757 2787 P
791 2746 869 2787 131
905 2746 999 2786 132.

262 2899 316 2937 22
348 2898 533 2940 facilior
562 2900 612 2941 P.
