1956 3178
176 79 177 82 ’
255 84 325 136 62
767 86 985 128 Dic'rrs
1017 85 1348 130 cRETENsls

1636 0 1647 7 ·
1679 0 1681 3 ·
1710 0 1956 97 3ιέῑῖᾞῆ

1890 112 1892 115 -
1950 97 1956 118 ³.

256 229 475 264 suorum
514 211 833 279 adiunxisse,
859 213 1132 279 postremo
1170 212 1351 266 omnia
1386 211 1608 266 adversa
1644 213 1869 268 hostilia
1951 246 1956 258 κ

254 281 452 334 fractas
501 282 810 349 ablatasque
860 299 1012 350 opeS,
1049 281 1255 334 nullam
1293 282 1479 335 salutis
1516 302 1665 365 spem
1701 285 1864 338 inter-

255 356 435 420 empto
491 351 724 404 Hectore
771 351 829 403 in
875 352 1055 404 animo
1101 351 1323 405 habere:
1381 354 1578 423 quippe
1623 354 1670 435 18
1717 356 1866 409 801118
1951 374 1956 379 ·

255 423 496 475 omnium
543 422 601 474 in
650 440 712 474 ea
758 422 973 474 civitate
1011 422 1292 475 adversum
1338 427 1420 476 tot
1455 424 1605 477 milia
1638 425 1865 494 impera-

211 513 232 545 5
255 496 503 561 toresque
550 492 786 545 hostium
836 493 984 545 varia
1030 511 1237 561 semper
1282 494 1507 546 victoria
1553 498 1866 549 certaverat.

254 563 340 616 cui
384 563 529 614 fama
564 562 801 621 bellandi
838 563 1023 615 inclito
1070 581 1167 632 per
1213 567 1400 633 gentes
1446 583 1739 634 numquam
1786 570 1864 619 ta·

253 651 378 685 men
417 633 555 685 vires
594 633 818 685 consilio
857 633 1245 702 superfuerant.

395 703 568 757 XVII.
644 703 867 756 Interim
906 705 1048 772 apud
1084 703 1338 785 Graecos,
1388 706 1479 757 ubi
1517 705 1755 786 Achilles
1795 706 1912 759 ad·

251 792 417 826 naves
455 774 614 826 rediit
652 777 705 826 et
744 774 967 826 cadaver
991 773 1239 827 Hectoris
1276 775 1334 827 in
1372 793 1462 828 ore
1489 776 1729 828 omnium
1766 781 1866 846 est,

191 864 231 895 10
255 844 423 912 dolor,
464 863 622 913 quem
674 846 741 897 ob
779 844 1015 898 Patrocli
1062 845 1339 897 interitum
1385 846 1547 914 paulo
1584 850 1708 898 ante
1746 865 1863 915 per·
1932 872 1934 874 ·

254 919 529 983 ceperant,
578 933 707 968 nece
756 915 1027 967 metuendi
1064 916 1234 968 hostis
1282 919 1335 967 et
1380 917 1447 968 ob
1485 917 1541 968 id
1575 917 1866 997 praecipua

253 985 459 1037 laetitia
496 986 961 1038 circumscribitur.
1026 1004 1087 1038 ac
1123 989 1239 1038 tum
1265 986 1527 1039 universis
1565 987 1755 1055 placet,
1781 987 1862 1040 uti

252 1057 310 1107 in
347 1055 608 1107 honorem
655 1056 794 1123 eius,
858 1056 1114 1124 quoniam
1160 1056 1368 1121 abesset
1413 1057 1626 1109 hostilis
1671 1060 1861 1126 11101118,

253 1129 523 1177 certamen
567 1126 705 1177 ludis
752 1126 968 1178 solitum
1026 1118 1406 1178 celebraretur:
1462 1144 1636 1195 neque
1683 1128 1862 1180 minus

190 1214 230 1244 15
252 1199 434 1248 tamen
481 1196 674 1264 reliqui
719 1196 931 1264 populi,
982 1197 1074 1264 qui
1119 1215 1230 1249 non
1289 1197 1540 1250 certaturi
1587 1197 1862 1266 spectandi

252 1266 428 1336 gratia
465 1270 853 1334 convenerant,
901 1267 1151 1319 instructi
1199 1268 1359 1319 armis
1395 1267 1674 1336 paratique
1715 1268 1860 1320 ades-

252 1340 398 1389 sent:
446 1355 514 1388 ne
564 1355 670 1404 qua
717 1336 921 1389 scilicet
969 1336 1141 1389 hostis
1190 1338 1432 1405 quamvis
1476 1338 1660 1390 fractis
1702 1338 1862 1390 rebus

252 1407 412 1460 solito
450 1410 634 1459 tamen
671 1406 957 1459 insidiandi
985 1426 1133 1459 more
1170 1408 1413 1463 irrueret.
1487 1408 1655 1477 igitur
1679 1407 1861 1460 Achil-

250 1477 328 1529 les
367 1478 629 1530 victorum
675 1478 940 1545 praemia,
990 1496 1125 1546 quae
1173 1478 1221 1529 ei
1259 1477 1577 1530 videbantur
1612 1478 1859 1546 maxima,

190 1565 230 1596 20
254 1548 417 1600 statui
464 1548 707 1615 imperat.
798 1552 851 1599 et
895 1551 1180 1616 postquam
1227 1547 1365 1599 nihil
1418 1548 1683 1616 reliquum
1731 1552 1859 1617 erat,

252 1636 404 1688 reges
444 1636 630 1670 omnes
669 1618 735 1670 ad
774 1617 1158 1670 considendum
1194 1618 1464 1686 hortatur,
1503 1619 1618 1686 ipse
1654 1618 1861 1671 medius

254 1691 414 1768 atque
451 1689 595 1740 inter
631 1706 721 1740 eos
760 1688 1029 1740 excelsior.
1105 1691 1221 1740 tum
1257 1689 1490 1756 primum
1528 1688 1858 1758 quadriiugis

221 1759 403 1827 ‘equis
439 1758 696 1810 Eumelus
746 1762 871 1810 ante
919 1776 1103 1810 omnes
1140 1759 1312 1812 victor
1349 1759 1675 1826 declaratur,
1714 1759 1860 1828 biga-

252 1847 371 1880 rum
417 1829 655 1898 praemia
701 1827 987 1880 Diomedes
1034 1829 1253 1896 meruit,
1303 1829 1535 1880 secundo
1579 1831 1703 1896 post
1738 1847 1860 1881 eum

187 1915 228 1946 25
251 1899 542 1951 Menelaus,

393 1969 595 2022 XVIII.
673 1968 921 2021 Ceterum
958 1968 1025 2020 ad
1061 1968 1371 2021 certandum
1409 1970 1500 2036 qui
1539 1968 1855 2037 sagittarum

252 2043 364 2091 arte
401 2039 782 2107 praevalebant
819 2038 1087 2091 Meriones
1134 2042 1293 2107 atque
1341 2037 1525 2091 Ulixes
1572 2038 1704 2090 duos
1747 2056 1860 2091 ere-

251 2127 375 2162 xere
422 2110 617 2176 1113108,
665 2109 784 2176 quis
833 2109 1116 2178 religatum
1163 2109 1335 2160 linum
1372 2108 1742 2160 tenuissimum
1780 2111 1856 2161 at—

253 2198 355 2248 que
393 2197 458 2231 ex
494 2183 797 2231 transverso
825 2182 1099 2231 extentum
1125 2179 1401 2247 utriusque
1428 2179 1589 2246 capiti
1616 2179 1858 2231 adnecte—

187 2265 230 2296 3ο
250 2251 433 2318 batur,
471 2250 645 2301 media
683 2249 930 2301 columba
967 2252 1147 2329 sparto
1188 2249 1543 2317 dependebat:
1583 2249 1695 2301 01118
1734 2266 1859 2301 con-

250 2319 539 2390 tingendae
578 2330 846 2372 certamen
882 2319 1187 2371 maximum.
1260 2323 1376 2371 tum
1421 2319 1640 2387 reliquis
1690 2318 1857 2371 incas-

253 2409 369 2443 sum
423 2390 766 2443 tendentibus
834 2387 1019 2441 Ulixes
1069 2407 1189 2440 cum
1245 2388 1486 2441 Merione
1535 2388 1857 2440 destinatum

253 2462 532 2513 confixere.
605 2459 797 2528 quibus
836 2477 955 2511 cum
992 2478 1023 2510 a
1059 2459 1277 2527 reliquis
1313 2458 1468 2511 favor
1503 2458 1856 2526 attolleretur,

251 2531 554 2583 Philocteta
589 2548 701 2582 non
739 2530 1040 2581 columbam
1077 2547 1132 2581 se
1167 2547 1351 2581 verum
1388 2528 1457 2595 id,
1498 2546 1602 2595 quo
1631 2527 1857 2596 religata

188 2616 229 2647 35
253 2603 415 2668 08801,
475 2601 670 2669 sagitta
726 2600 1024 2652 excisurum
1086 2598 1376 2667 promittit:
1448 2597 1852 2676 ammirantibus

252 2642 440 2722 deinde
479 2670 847 2722 difficultatem
884 2669 1115 2738 regibUS,
1153 2668 1310 2720 fidem
1348 2667 1593 2735 promissi
1632 2685 1743 2719 non
1780 2666 1854 2719 fe-

367 2870 415 2909 11
448 2882 561 2909 nece
592 2869 633 2908 P
663 2871 709 2909 et
743 2869 832 2910 GB.
