1956 3178
472 137 550 182 DE
585 135 832 195 EXCIDIO
866 134 1094 180 TROIAE
1128 134 1430 181 HISTORIA.
1740 134 1773 185 9

272 255 394 309 VII.
456 256 759 310 Alexander
790 256 1058 310 cohortari
1083 256 1280 325 coepit,
1317 258 1378 308 ut
1401 255 1587 308 classis
1624 273 1774 323 prae·

121 334 402 399 pararetur
439 333 493 383 61,
523 330 581 383 111
604 328 885 383 Graeciam
918 330 1240 383 mitteretur:
1282 347 1336 382 se
1367 330 1477 382 eius
1514 329 1591 382 rei
1629 329 1773 397 prin-

122 404 296 472 cipem
327 404 590 472 futurum,
630 404 676 457 si
713 407 866 474 pater
900 404 1051 456 velit:
1092 404 1149 456 in
1186 401 1406 457 deorum
1439 403 1773 474 benignitate

32 485 46 499 ⁶
122 495 180 530 se
220 477 504 545 confidere,
545 477 698 531 victis
737 478 984 531 hostibus
1023 478 1179 530 laude
1219 477 1412 562 adepta
1450 477 1513 530 de
1550 475 1774 530 Graecia

67 560 69 564 '
120 550 342 604 domum
379 551 674 605 rediturum
714 569 861 604 esse.
913 570 1040 604 nam
1081 552 1184 604 sibi
1223 552 1280 604 in
1319 551 1415 604 Ida
1455 552 1610 619 silva,
1649 569 1769 604 cum
1820 564 1840 594 ⁵

124 628 376 678 venatum
402 626 623 694 abisset,
647 625 705 678 in
729 625 932 679 somnis
959 625 1283 678 Mercurium
1308 625 1590 678 adduxisse
1615 624 1774 677 Iuno-

123 686 248 751 neml
295 698 558 752 Venerem
606 702 660 752 et
704 698 1024 767 Minervam,
1073 703 1133 752 ut
1178 700 1318 752 inter
1357 717 1447 752 eas
1489 699 1551 752 de
1600 699 1774 781 specie

122 772 404 825 iudicaret:
456 776 510 825 et
555 776 684 826 tunc
740 773 843 836 81101
889 772 1156 826 Venerem
1202 773 1500 842 pollicitam
1539 790 1678 839 esse,
1730 773 1775 824 si

124 864 276 898 suam
308 846 605 915 speciosam
643 846 835 899 faciem
873 847 1154 914 iudicaret,
1194 847 1439 900 daturam
1470 865 1525 899 se
1558 847 1608 899 ei
1645 864 1774 899 uxo-

121 937 256 988 rem,
297 938 432 989 quae
471 920 528 972 in
567 919 791 974 Graecia
831 921 1224 990 speciosissima
1270 921 1445 974 forma
1481 920 1773 973 videretur:

122 993 229 1046 ubi-
260 993 339 1047 ita
385 993 643 1062 audisset,
694 995 971 1066 optimam⁹
1002 995 1136 1047 facie
1182 994 1450 1048 Venerem
1498 994 1773 1047 iudicasse.

122 1067 263 1119 uncle
333 1085 545 1136 sperare
606 1070 766 1136 coepi-t
824 1068 1070 1121 Priamus
1126 1067 1421 1121 Venerem·
1460 1068 1774 1122 adiutricem

122 1140 430 1194 Alexandro
483 1143 736 1195 futuram.
827 1141 1160 1211 Deiphobus
1202 1143 1411 1211 placere
1476 1143 1580 1195 sibi
1641 1142 1776 1194 dixit

121 1214 416 1267 Alexandri
474 1217 757 1268 consilium
811 1220 864 1269 et
923 1234 1136 1285 sperare
1191 1215 1423 1269 Graecos
1478 1215 1775 1269 Hesionam

121 1288 421 1342 reddituros
470 1293 523 1342 et
570 1290 939 1342 satisfacturos
949 1331 962 1357 ,
1017 1290 1084 1357 si,
1138 1293 1199 1342 ut
1244 1289 1566 1358 dispositum
1618 1293 1773 1356 esset,

120 1362 309 1415 classis
363 1363 419 1415 in
467 1362 749 1416 Graeciam
798 1364 1114 1416 mitteretur.
1202 1361 1441 1416 Helenus
1492 1363 1775 1416 vaticinari

120 1436 299 1504 coepit
337 1435 527 1490 Graios
568 1441 843 1503 ventnroe,
891 1436 1052 1489 Ilium
1091 1455 1367 1490 eversuros
1378 1479 1391 1505 ‚
1431 1441 1680 1506 parentes
1722 1441 1777 1489 et

122 1510 315 1562 fratres
370 1510 553 1563 hostili
601 1528 765 1563 manu
819 1511 1130 1564 interituros
1139 1552 1153 1579 ‚
1213 1511 1259 1563 si
1311 1511 1618 1564 Alexander
1673 1511 1775 1563 sibi

121 1601 343 1636 uxorem
371 1583 435 1636 de
460 1583 685 1637 Graecia
717 1584 1037 1638 adduxisset.
1095 1584 1311 1638 Troilus
1347 1585 1602 1638 minimus
1641 1589 1775 1638 natu

122 1675 234 1709 11011
272 1657 450 1710 111111118
489 1658 651 1712 fortis>
685 1677 846 1729 quam
878 1657 1079 1712 Hector
1118 1659 1318 1711 bellum
1358 1659 1472 1729 geri
1513 1659 1776 1712 suadebat

123 1734 179 1782 et
200 1748 312 1784 non
337 1731 527 1784 debere
557 1732 745 1785 terreri
776 1736 923 1785 metu
963 1733 1247 1785 verborum
1279 1732 1488 1786 Heleni.
1542 1734 1602 1787 ob
1635 1734 1776 1802 quod

123 1804 372 1858 omnibus
427 1806 630 1874 placuit
678 1807 903 1859 classem
952 1821 1240 1876 conparare
1290 1811 1344 1860 et
1390 1808 1447 1860 in
1496 1806 1776 1860 Graeciam

122 1878 404 1946 proficisci.

271 1951 420 2006 VIII.
499 1953 744 2006 Priamus
797 1954 1163 2006 Alexandrum
1219 1959 1273 2007 et
1326 1954 1669 2023 Deiphobum
1719 1957 1775 2008 in

121 2023 412 2079 Paeoniam
453 2028 621 2094 misit,
668 2032 730 2080 ut
768 2028 964 2080 milites
1005 2029 1257 2097 legerent.
1343 2029 1408 2081 ad
1461 2030 1772 2083 concionem
1832 2052 1842 2071 ›

245 2206 264 2244 1
300 2201 401 2246 coh.
449 2201 623 2259 coepit]
673 2202 1008 2247 cohortabatur
1057 2203 1120 2246 M
1154 2204 1277 2247 solus
1398 2209 1422 2247 2
1465 2204 1565 2249 61118
1608 2206 1775 2251 addida·

121 2263 149 2303 3
182 2259 411 2318 futurum]
452 2260 550 2305 fore
590 2261 633 2305 G
660 2263 666 2316 Ι
694 2262 842 2306 uellet
880 2261 923 2306 G
951 2264 955 2316 Ι
983 2262 1033 2305 111
1073 2262 1283 2320 deorum]
1327 2262 1384 2307 de
1426 2264 1526 2307 eius
1567 2265 1631 2308 M
1748 2271 1775 2308 4

120 2318 292 2363 debere
323 2320 428 2364 add.
464 2320 526 2363 M
554 2324 661 2376 post
691 2320 920 2365 confidere
949 2325 954 2375 ξ
983 2321 1121 2366 laude
1154 2326 1195 2366 et
1225 2322 1282 2366 de
1315 2335 1398 2366 om.
1428 2323 1490 2366 M
1609 2330 1634 2367 5
1669 2338 1775 2368 cum

122 2376 172 2421 in
204 2391 308 2422 uen.
348 2377 390 2422 G
511 2384 536 2423 6
581 2379 773 2424 8011111118
808 2380 870 2423 M
987 2385 1013 2425 8
1053 2380 1307 2425 iudicasset
1348 2381 1410 2424 M
1529 2388 1554 2426 9
1596 2383 1774 2440 specio-

122 2436 292 2480 siorem
332 2436 374 2482 G
411 2437 518 2492 fort.
580 2437 970 2494 speciosissimam
1103 2445 1155 2484 10
1195 2439 1446 2507 speciosior
1490 2441 1552 2484 M
1559 2439 1602 2486 G
1671 2457 1775 2510 spe-

120 2494 383 2540 ciosissima
421 2497 866 2543 edat.Venet.1-199
900 2498 1005 2552 fort.
1070 2513 1164 2555 qua
1194 2512 1289 2543 non
1328 2499 1377 2542 in
1410 2499 1486 2544 Gr.
1521 2499 1778 2557 speciosior

124 2558 178 2596 11
205 2554 384 2623 optima
408 2556 451 2600 G
574 2561 625 2600 12
653 2556 844 2602 deberet
869 2557 932 2601 M
989 2557 1158 2602 debere
1184 2557 1226 2602 G
1287 2560 1445 2614 coepit
1467 2572 1489 2603 e
1514 2560 1775 2605 coniectum

119 2613 286 2668 scripsi
313 2616 318 2670 Ι
346 2614 579 2671 priamum
611 2615 654 2660 G
779 2620 832 2660 14
864 2629 989 2660 cons.
1022 2617 1153 2661 Alex.
1185 2617 1228 2661 G
1256 2619 1260 2671 Ι
1290 2618 1512 2674 sperabat
1544 2619 1607 2663 M
1631 2622 1636 2674 Ι
1664 2619 1774 2664 Η65.

123 2669 201 2714 Gr.
226 2671 270 2715 G
391 2678 445 2718 15
477 2674 518 2718 si
547 2688 631 2719 om.
658 2674 700 2719 G
729 2678 733 2730 Ι
762 2675 917 2733 esset]
929 2678 1031 2720 erat
1055 2675 1097 2720 G
1221 2681 1274 2720 18
1306 2676 1597 2735 interituros]
1631 2679 1774 2723 intei-

121 2728 326 2775 fecturos
372 2731 447 2776 B
555 2739 609 2778 19
654 2736 792 2778 natus
838 2735 901 2778 M
1031 2740 1088 2778 20
1133 2734 1352 2778 minimus
1397 2734 1530 2780 fortis
1575 2751 1776 2794 namque

123 2787 304 2833 hectori
349 2791 412 2834 M
527 2797 582 2836 21
627 2795 676 2836 et
718 2806 801 2837 om
846 2794 920 2849 G}
950 2794 1008 2838 ob
1053 2794 1220 2838 addida·
1262 2808 1282 2837 e
1325 2795 1587 2839 coniectura
1718 2802 1774 2841 22

123 2846 291 2892 clalses
335 2848 378 2893 G
416 2852 420 2904 Ι
461 2851 708 2907 conparari
748 2852 811 2895 Μ
817 2851 859 2896 G
931 2866 1237 2909 conpararem
1279 2853 1349 2906 B,
1390 2867 1473 2898 nos
1520 2868 1775 2922 conparare

125 2910 181 2949 23
206 2907 456 2965 proficisci]
483 2909 611 2953 mitti
636 2909 678 2952 G
800 2915 855 2955 25
880 2911 1051 2967 poenia
1078 2912 1139 2954 Μ
1197 2913 1415 2967 peoniam
1442 2912 1484 2956 G
1511 2916 1515 2968 Ι
1546 2913 1693 2958 mittit
1719 2915 1774 2958 G.

1802 936 1842 966 10

1802 1303 1842 1334 15

1800 1673 1842 1703 20
