1956 3178
283 166 356 217 44
831 163 1095 209 DARETJS
1127 151 1381 210 PHRYGH

283 286 517 357 Argivos
566 287 808 338 devastat
854 288 908 337 et
952 285 1008 339 in
1053 286 1252 338 bellum
1290 291 1558 355 provocat.
1634 286 1924 358 Agamem—

283 379 394 413 non
434 378 497 412 ex
537 359 760 413 consilio
793 362 969 411 castra
1006 360 1182 412 munit
1215 363 1499 430 tueturque
1538 363 1594 412 et
1628 361 1687 413 in
1723 362 1923 414 bellum

282 453 393 487 non
431 434 632 502 prodit,
677 451 845 502 usque
893 433 1019 485 dum
1057 433 1333 486 Menelaus
1371 434 1567 486 veniat.
1645 433 1926 488 Menelaus

285 508 350 560 ad
407 507 627 576 Scyrum
680 507 850 575 venit,
913 525 1061 559 arma
1122 507 1349 560 Achillis
1403 506 1758 592 Neoptolemo
1810 508 1925 578 filio

239 598 258 628 5
285 570 396 634 eius
452 581 639 649 tradit,
695 598 830 650 quae
887 599 1007 633 cum
1056 582 1395 665 sumpsisset,
1443 584 1581 635 venit
1623 586 1671 635 et
1713 584 1781 636 in
1784 582 1924 643 Ar-

216 966 257 997 10

216 1334 256 1365 15

214 1703 255 1733 20

284 655 527 724 givorum
583 655 771 707 6381118
832 654 1176 707 vehementer
1236 656 1374 708 circa
1433 656 1602 724 patris
1655 646 1924 712 11111111111111

282 730 606 781 13111611131118
653 731 748 781 est.
831 728 1171 781 Penthesilea
1217 747 1280 782 ex
1327 730 1708 782 consuetudine
1754 730 1924 783 aciem

192 862 195 863 ⁷
281 803 501 855 instruit
525 806 579 855 et
608 820 777 871 usque
803 803 869 855 ad
900 802 1224 871 Argivorum
1250 807 1425 856 castra
1447 803 1640 872 prodit.
1685 802 1739 856 N
1741 806 1925 872 eopto·

282 877 451 929 16111118
476 876 874 945 Myrmidonum
898 877 1147 945 princeps
1173 880 1360 929 contra
1384 877 1552 929 aciem
1577 877 1743 946 ducit,
1776 876 1925 947 Aga-

281 968 536 1003 memnon
560 950 849 1002 exercitum
879 950 1111 1002 instruit.
1171 951 1373 1019 pariter
1404 951 1562 1003 ambo
1587 954 1924 1004 concurrunt.

283 1023 669 1092 Neoptolemus
719 1027 953 1093 stragem
1001 1023 1146 1076 facit.
1223 1024 1451 1087 occurrit
1487 1024 1827 1077 Penthesilea
1868 1027 1926 1077 et

280 1097 492 1150 fortiter
529 1098 586 1149 in
625 1097 827 1165 proelio
874 1100 1138 1166 versatur,
1184 1097 1396 1167 utrique
1434 1115 1530 1166 per
1566 1098 1772 1167 aliquot
1808 1097 1921 1150 dies

280 1171 473 1223 acriter
539 1174 937 1240 pugnaverunt,
1005 1171 1299 1238 multosque
1361 1171 1680 1224 occiderunt.
1785 1170 1920 1224 Pen-

279 1245 506 1297 thesilea
557 1243 973 1313 Neoptolemum
1029 1245 1254 1297 sauciat:
1315 1245 1405 1297 ille
1469 1245 1649 1308 dolore
1703 1247 1922 1314 accepto

281 1318 675 1371 Amazonidum
715 1319 1003 1371 ductricem
1045 1317 1442 1371 Penthesileam
1482 1319 1780 1371 obtruncat.
1857 1335 1921 1371 eo

280 1393 422 1445 facto
476 1396 651 1445 totum
707 1393 997 1444 exercitum
1053 1392 1407 1445 Troianorum
1460 1393 1517 1445 in
1562 1392 1747 1462 fugam
1795 1409 1922 1444 con·

279 1466 462 1535 vertit,
501 1466 559 1518 in
589 1466 777 1518 urbem
815 1466 942 1519 victi
979 1465 1277 1536 refugiunt,
1313 1465 1504 1536 Argivi
1536 1483 1656 1519 cum
1687 1465 1922 1518 exercitu

279 1559 490 1592 murum
517 1540 870 1609 circumdant,
894 1543 956 1592 ut
977 1539 1121 1592 foras
1147 1539 1365 1592 Troiani
1389 1540 1529 1592 exire
1552 1558 1664 1592 non
1685 1542 1922 1608 possent.

427 1613 703 1666 XXXVII.
764 1613 883 1666 Hoc
921 1616 1208 1683 postquam
1245 1613 1465 1666 Troiani
1502 1613 1770 1681 viderunt,
1807 1611 1922 1665 An-

279 1690 436 1740 tenor
466 1687 788 1756 Polydamas
820 1687 1031 1739 Aeneas
1064 1687 1131 1740 ad
1161 1686 1436 1739 Priamum
1470 1687 1712 1750 veniunt,
1751 1689 1923 1756 agunt

281 1779 400 1813 cum
449 1779 535 1830 60,
580 1765 642 1813 111
687 1761 968 1814 consilium
1015 1766 1241 1814 convocet
1294 1765 1346 1813 et
1391 1761 1646 1814 deliberet
1690 1759 1818 1830 quid
1855 1760 1920 1812 de

279 1835 509 1887 fortunis
556 1836 665 1888 suis
710 1835 948 1887 futurum
999 1835 1081 1887 sit.
1169 1834 1414 1887 Priamus
1468 1834 1748 1887 consilium
1775 1850 1922 1903 *con-

399 2059 424 2098 3
458 2053 619 2099 ueniat
650 2053 889 2097 menelaus
923 2052 965 2097 G
993 2056 999 2107 Ι
1025 2052 1266 2097 Menelaus
1284 2078 1338 2084 -—
1355 2052 1674 2110 vehementer]
1689 2065 1794 2096 cum
1813 2065 1922 2097 neo-

279 2113 498 2169 ptolemo.
562 2112 897 2169 Neoptolemus
936 2114 990 2155 ut
1029 2111 1222 2156 aduenit
1261 2124 1391 2155 arma
1429 2111 1577 2168 patris
1615 2111 1687 2156 sui
1725 2111 1919 2169 accepit.

280 2171 586 2215 Lamentatur
611 2171 654 2215 G
758 2176 787 2214 4
812 2170 872 2214 ad
897 2170 1068 2215 scii-um
1090 2170 1133 2213 L
1247 2175 1272 2214 5
1297 2170 1428 2214 venit
1451 2172 1499 2214 et
1527 2170 1578 2214 in
1609 2169 1773 2214 addidi
1892 2174 1920 2214 7

279 2230 565 2274 lamentatus
606 2232 677 2274 est
722 2242 806 2272 om.
851 2229 893 2273 G
941 2230 1046 2273 add.
1098 2229 1299 2273 clamore
1337 2242 1508 2286 magno
1541 2228 1749 2286 13616111]
1787 2241 1920 2285 proe-

280 2289 396 2332 lium
425 2289 471 2332 L
591 2294 617 2334 8
652 2291 699 2332 et
737 2300 818 2332 om.
853 2287 896 2332 G
927 2289 1021 2332 add
1050 2288 1267 2344 producit
1293 2289 1298 2343 Ι
1327 2288 1387 2332 ad
1419 2301 1500 2331 om.
1532 2287 1576 2330 L
1602 2289 1608 2343 Ι
1637 2290 1792 2332 castra
1819 2301 1925 2344 318.

281 2347 323 2392 G
383 2347 513 2404 prod.
561 2349 716 2404 neopt.
764 2346 909 2403 princ.
953 2346 1255 2391 mirmidonas
1310 2348 1472 2390 contra
1525 2345 1682 2390 educit
1728 2345 1772 2391 G
1816 2346 1920 2402 (om.

279 2407 444 2463 aciem)
570 2412 623 2451 10
664 2405 895 2450 construit
931 2405 975 2448 L
1009 2407 1015 2461 Ι
1049 2406 1226 2461 pariter
1261 2406 1389 2460 libri,
1423 2404 1592 2449 acriter
1621 2404 1726 2449 edit.
1765 2403 1919 2450 Venet.

282 2470 393 2509 1499
436 2466 441 2522 Ι
477 2465 614 2509 ambo
655 2466 935 2509 concurrunt
972 2478 1054 2508 om.
1087 2464 1130 2507 L
1253 2469 1304 2507 11
1348 2463 1461 2508 fecit
1491 2463 1534 2506 L
1567 2465 1573 2518 Ι
1606 2465 1784 2520 pentes.
1823 2476 1917 2508 occ.

278 2524 385 2567 fort.
434 2524 692 2568 comminus
741 2522 874 2567 stetit
922 2522 965 2566 G
1106 2527 1158 2566 12
1205 2522 1410 2580 utrique]
1452 2521 1533 2566 diu
1579 2524 1628 2566 et
1676 2521 1720 2566 G
1839 2525 1918 2566 13

279 2582 468 2640 3611161]
504 2583 641 2627 ambo
671 2582 714 2627 G
740 2583 746 2636 Ι
773 2581 1040 2637 multosque
1071 2581 1256 2636 utrique
1279 2582 1326 2624 A
1385 2580 1558 2624 multos
1589 2580 1776 2636 utrique
1806 2579 1918 2634 LG,

277 2645 482 2685 nostrum
520 2655 542 2685 e
583 2642 844 2686 coniectura
982 2645 1036 2683 15
1078 2641 1367 2683 Amazonum
1406 2638 1450 2683 G
1483 2641 1488 2693 1
1524 2638 1696 2683 occidit
1739 2640 1794 2683 ut
1837 2639 1918 2684 ob-

276 2702 465 2744 truncat
497 2699 539 2744 G
661 2705 715 2744 16
754 2699 804 2743 111
841 2699 1008 2765 fugam
1042 2697 1274 2742 conuertit
1310 2697 1359 2740 in
1397 2697 1561 2742 urbem
1591 2697 1708 2742 uicti
1737 2696 1819 2741 uix
1847 2710 1918 2742 re-

276 2758 468 2815 fugiunt
507 2758 550 2803 G
615 2758 666 2802 in
703 2758 867 2802 urbem
907 2756 1078 2801 comcit
1115 2756 1165 2800 in
1203 2756 1366 2800 urbem
1402 2756 1483 2800 uix
1520 2755 1698 2814 refugit
1736 2756 1800 2800 M
1865 2755 1918 2800 in

277 2818 439 2861 urbem
472 2817 644 2861 conicit
673 2816 753 2860 uix
784 2815 959 2872 refugit
981 2815 1025 2858 L
1146 2820 1200 2859 18
1231 2814 1415 2872 possint
1437 2815 1480 2857 L
1600 2819 1656 2858 20
1687 2815 1918 2859 uenerunt

279 2874 321 2918 G
442 2880 495 2919 21
524 2877 724 2931 querant
746 2877 794 2919 et
817 2875 860 2917 L
921 2873 1104 2930 quaerit
1129 2874 1192 2917 M
1250 2887 1336 2930 cog
1338 2875 1388 2917 at
1412 2873 1476 2927 G,
1503 2874 1670 2928 scripsi
1692 2872 1918 2919 convocet

279 2935 326 2976 et
353 2933 358 2990 Ι
388 2934 444 2977 de
475 2934 582 2978 fort.
609 2949 652 2990 q.
686 2934 716 2977 f.
753 2934 813 2977 sit
844 2933 1074 2976 deliberet
1105 2931 1146 2976 G
1174 2934 1179 2987 Ι
1208 2932 1302 2976 81118
1305 2889 1440 2976 gadd.
1475 2931 1740 2976 Mercerius.
