1956 3178
19 1464 54 1704 -qurffqt'R
28 1430 43 1449 ἱε
20 1359 56 1409 ,5,ηό
22 1301 37 1332 Ἀ*
23 1209 38 1258 “””*
25 1147 50 1182 ,ς’
37 1104 47 1130 a*
38 1021 59 1087 gfff.
30 944 49 995 '‘⁴2‘

15 2130 55 3178 qawwxwmrwmv-zw—nqgffiww
16 2067 39 2090 21-
17 2019 49 2044 ,35
17 1919 38 1929 ;
31 1792 47 1818 4
21 1727 39 1770 ν(-

49 3152 62 3178 >R
48 3118 54 3122 ’
58 2337 67 2342 ι

121 3149 133 3155 ⁸

599 115 787 158 mmm
818 114 1075 159 TROIANI
1104 115 1221 157 Lm.
1251 114 1306 158 v,
1669 113 1767 167 101

9 270 13 281 2
154 241 237 295 sui
273 239 415 310 apud
453 240 744 293 exercitum
788 257 885 309 per
921 239 1219 292 absentiam
1255 238 1542 319 leniretur,
1591 242 1764 308 orant,

153 311 235 365 uti
271 311 373 364 sibi
410 311 556 364 abire
603 328 632 363 e
679 313 969 380 conspectu
1017 327 1203 363 eorum
1249 309 1364 390 sine
1401 327 1544 363 noxa
1581 326 1768 363 conce-

154 381 298 436 dant.
372 381 553 451 itaque
597 399 860 434 consensu
908 381 1149 434 omnium
1183 380 1344 449 primi
1381 381 1644 450 navigant
1681 380 1768 434 (16-

153 453 355 506 turbati
393 452 706 522 expulsique
743 452 811 504 ab
849 450 1086 504 ducibus
1174 455 1410 503 ceterum
1447 451 1630 504 Aiacis
1667 451 1767 504 filii

152 522 444 577 Aeantides
488 521 692 576 Glauca
739 522 955 592 genitus
993 525 1154 592 atque
1202 521 1500 591 Eurysaces
1539 540 1604 575 ex
1641 522 1766 575 Tec-
1791 538 1811 570 5

156 611 328 647 messa
364 593 569 646 Teucro
606 592 805 646 traditi.

293 663 465 717 XVII.
528 662 671 716 Dein
698 663 887 716 Graeci
925 663 1099 732 veriti,
1137 681 1206 715 ne
1243 681 1339 732 per
1363 681 1570 716 moram
1607 664 1769 716 inter-

152 737 317 787 ventu
361 734 554 787 hiemis
602 752 761 814 quae·
784 734 1069 804 ingruebat
1123 734 1191 786 ab
1239 734 1547 803 navigando
1596 734 1770 786 exclu-

153 804 419 872 derentur,
458 804 708 857 deductas
746 804 804 856 in
837 822 982 857 mare
1009 822 1172 856 naves
1209 805 1502 874 remigibus
1527 804 1769 873 reliquis-

153 893 256 944 que
292 875 525 928 nauticis
563 875 934 928 instrumentis
973 875 1271 943 complent:
1322 878 1482 943 atque
1530 875 1607 927 ita
1645 893 1767 927 cum
1792 891 1833 923 10

151 945 236 999 his
285 963 420 1015 quae
476 946 678 1016 singuli
724 946 920 1015 praeda
965 946 1259 999 multorum
1308 964 1573 998 annorum
1612 964 1770 1014 quae-

153 1016 413 1085 siverant,
452 1015 746 1070 discedunt.

293 1087 506 1139 Aeneas
543 1087 685 1156 apud
722 1087 939 1140 Troiam
984 1089 1190 1139 manet:
1240 1086 1333 1155 qui
1380 1090 1505 1156 post
1543 1085 1770 1139 Graeco-

155 1175 275 1209 rum
328 1157 719 1226 profectionem
775 1161 996 1211 cunctos
1052 1176 1116 1210 ex
1171 1156 1425 1210 Dardano
1485 1160 1647 1226 atque
1705 1175 1770 1210 ex

156 1227 403 1296 proxima
427 1228 779 1296 paeneinsula
804 1228 930 1297 adit,
959 1231 1093 1297 orat,
1123 1228 1204 1280 uti
1230 1245 1407 1280 secum
1435 1228 1770 1280 Antenorem
1794 1243 1835 1276 15

151 1315 320 1379 regno
367 1302 669 1368 exagerent.
755 1317 889 1367 quae
936 1301 1223 1367 postquam
1269 1316 1554 1367 praeverso
1605 1298 1668 1350 de
1714 1317 1768 1350 se

151 1369 346 1422 nuntio
371 1369 641 1422 Antenori
679 1370 899 1439 cognita
927 1373 1068 1438 sunt,
1108 1369 1414 1439 regrediens
1450 1369 1518 1421 ad
1552 1368 1769 1422 Troiam

152 1438 449 1508 inperfecto
504 1440 725 1520 negotio
786 1440 934 1492 aditu
989 1439 1320 1508 prohibetur.
1420 1441 1498 1492 ita
1555 1443 1770 1492 coactus

153 1527 275 1562 cum
312 1510 459 1563 omni
495 1510 823 1579 patrimonio
862 1512 929 1562 ab
967 1510 1129 1563 Troia
1175 1510 1398 1590 navigat
1442 1510 1762 1578 devenitque

152 1579 219 1632 ad
255 1598 399 1632 mare
446 1581 802 1634 hadriaticum
847 1581 1044 1634 multas
1090 1581 1306 1633 interim
1344 1583 1533 1650 gentes
1569 1581 1758 1634 barba·
1782 1597 1825 1629 20

152 1668 239 1702 ras
276 1654 603 1719 praevectus.
694 1651 770 1704 ibi
818 1670 938 1704 cum
984 1651 1096 1720 his,
1137 1652 1229 1720 qui
1267 1670 1446 1704 secum
1483 1670 1589 1704 nav
1651 1669 1770 1705 ave-

152 1724 276 1773 rant
325 1722 595 1774 civitatem
644 1722 830 1775 condit
874 1694 1198 1791 appellatam
1248 1722 1536 1791 Corcyram
1573 1668 1770 1776 lllslgelae·

151 1809 294 1844 nam.
380 1794 614 1844 ceterum
672 1793 814 1862 apud
869 1793 1086 1846 Troiam
1141 1797 1428 1862 postquam
1487 1792 1633 1845 fama
1690 1795 1772 1846 est

95 1894 98 1897 -
153 1863 489 1915 Antenorem
526 1880 695 1944 regno
733 1864 983 1932 potitum,
1023 1864 1217 1932 cuncti,
1258 1865 1351 1932 qui
1388 1863 1530 1916 bello
1569 1862 1769 1916 residui

151 1935 471 1986 nocturnam
508 1934 740 1987 civitatis
787 1935 990 1987 cladem
1030 1937 1332 2002 evaserant,
1381 1934 1447 1986 ad
1485 1952 1607 1986 eum
1645 1951 1769 1987 con·
1791 1949 1834 1984 25

155 2002 331 2056 fluunt
389 2003 645 2073 brevique
701 2005 894 2075 ingens
953 2005 1148 2057 coalita
1201 2003 1518 2057 multitudo:
1586 2007 1770 2057 tantus

158 2090 309 2126 amor
355 2091 483 2144 erga
526 2076 860 2128 Antenorem
907 2078 1067 2143 atque
1116 2075 1301 2155 opinio
1350 2075 1644 2143 sapientiae
1692 2074 1770 2127 in-

157 2148 410 2197 cesserat.
458 2145 625 2266 fitque
674 2146 923 2214 princeps
971 2145 1236 2198 amicitiae
1286 2145 1398 2198 eius
1443 2164 1536 2198 rex
1589 2146 1771 2198 Cebre-

151 2231 347 2266 norum
385 2213 522 2267 Oeni
560 2234 667 2268 eus

294 2283 442 2337 Haec
479 2302 579 2365 ego
620 2286 852 2339 Gnosius
891 2285 1081 2355 Dictys
1117 2304 1295 2339 comes
1330 2286 1606 2339 Idomenei
1646 2303 1770 2339 con·
1791 2301 1836 2334 30

155 2355 342 2424 scripsi
382 2356 624 2409 oratione
662 2374 738 2425 ea,
778 2375 936 2426 quam
975 2358 1204 2409 maxime
1241 2358 1383 2409 inter
1418 2360 1526 2409 tam
1563 2356 1773 2409 diversa

153 2423 411 2494 loquendi
448 2443 647 2496 genera
690 2428 946 2496 consequi
994 2446 1054 2480 ac
1102 2427 1551 2493 comprehendere
1598 2426 1769 2496 potui,

153 2494 349 2548 litteris
393 2495 612 2550 Punicis
650 2498 716 2550 ab
749 2497 948 2551 Cadmo
974 2497 1271 2579 Danaoque
1308 2497 1532 2549 traditis.
1595 2514 1770 2566 neque

155 2565 227 2619 sit
273 2567 469 2620 mirum
518 2569 791 2638 cuiquam,
841 2569 886 2621 si
948 2570 1191 2638 quamvis
1232 2567 1422 2621 Graeci
1461 2584 1647 2620 omnes
1694 2567 1770 2619 di—

267 2738 293 2778 2
325 2739 583 2780 concedunt
617 2741 652 2781 G
702 2740 957 2782 concedant
987 2741 1029 2780 B
1146 2741 1171 2780 5
1203 2739 1439 2791 eurysacis
1473 2739 1551 2779 GB
1582 2753 1697 2781 corr.
1729 2739 1773 2780 P

154 2793 208 2834 21
239 2798 523 2846 praeuentus
549 2796 627 2837 GB
655 2794 662 2849 Ι
694 2797 971 2850 nauigarent
994 2795 1050 2837 G¹
1170 2797 1223 2836 22
1257 2794 1542 2849 appellatum
1567 2795 1602 2837 G
1636 2794 1641 2848 Ι
1674 2807 1772 2836 me-

154 2847 309 2890 lenam
342 2850 378 2891 G
435 2851 662 2893 menelam
693 2853 734 2893 B
849 2854 903 2893 26
934 2853 1191 2904 ingensque
1226 2851 1316 2901 ΕΒ,
1351 2864 1435 2904 que
1468 2864 1546 2893 om.
1579 2852 1622 2892 P
1713 2852 1769 2893 28

158 2905 461 2957 gebrenorum
494 2908 605 2959 libri,
639 2922 754 2952 corr.
785 2911 828 2950 in
858 2915 960 2950 uett.
994 2910 1113 2949 editt.
