1956 3178
454 117 534 163 DE
566 114 815 162 EXCIDIO
847 114 1076 161 TROIAE
1108 112 1416 159 HISTORIA.
1678 95 1757 164 r⁴119

109 239 304 294 suadet
325 237 647 308 Polydamas
677 239 842 290 noctu
873 235 1162 290 exercitum
1195 234 1262 288 ad
1293 236 1506 304 portam
1538 231 1760 286 Scaeam

115 314 404 381 adducant,
455 312 548 365 ubi
595 311 923 364 extrinsecus
971 313 1133 379 caput
1178 310 1302 379 equi
1349 309 1616 376 sculptum
1664 311 1760 374 est,

112 387 191 440 ibi
236 386 504 456 praesidia
548 385 746 438 habere
792 387 955 437 noctu
1002 386 1334 437 Antenorem
1379 386 1432 435 et
1469 381 1760 448 Anchisen,

114 461 370 514 exercitui
399 459 724 530 Argivorum
756 462 970 527 portam
1001 461 1329 511 reseraturos
1362 457 1543 526 eisque
1578 456 1761 508 lumen

113 535 440 604 prolaturos»,
479 533 534 586 id
573 533 787 603 signum
827 532 1124 601 eruptionis
1162 532 1292 585 fore.

263 607 401 661 XLI.
478 607 774 676 Postquam
813 609 971 675 pacta
1018 606 1161 659 dicta
1207 606 1576 658 demonstrata
1623 607 1763 671 sunt,

114 680 437 752 Polydamas
476 681 533 733 in
573 680 829 750 oppidum
869 680 1030 748 redit,
1077 698 1189 732 rem
1236 682 1508 748 peractam
1547 677 1764 730 nuntiat

116 755 344 823 dicitque
369 754 634 807 Antenori
658 758 712 806 et
730 754 941 806 Aeneae
966 754 1261 823 ceterisque
1287 753 1481 822 quibus
1506 752 1763 821 placitum

115 832 252 897 erat,
290 829 373 881 uti
405 846 530 881 suos
555 845 741 880 omnes
780 828 838 879 in
862 845 981 880 eam
1020 831 1229 896 partem
1269 827 1560 895 adducant,
1600 829 1764 891 noctu

116 901 338 956 Scaeam
395 904 607 970 portam
671 901 938 970 aperiant,
999 902 1182 954 lumen
1242 901 1554 969 ostendant,
1617 917 1761 952 exer·
1789 916 1830 946 ιι)

115 976 281 1030 citum
320 975 591 1028 inducant.
667 975 913 1028 Antenor
958 979 1012 1028 et
1056 975 1269 1028 Aeneas
1316 978 1480 1027 noctu
1529 974 1597 1026 ad
1643 992 1764 1042 por-

114 1053 228 1103 tam
260 1052 474 1119 praesto
506 1049 745 1117 fuerunt,
776 1048 1192 1118 Neoptolemum
1226 1051 1588 1117 susceperunt,
1620 1066 1764 1100 exer-

116 1123 248 1176 citui
278 1126 490 1192 portam
522 1126 914 1191 reseraverunt,
952 1124 1133 1176 lumen
1171 1123 1542 1191 ostenderunt,
1580 1122 1765 1191 fugam

115 1197 382 1266 praesidio
450 1197 553 1250 sibi
617 1197 832 1266 suisque
894 1201 955 1250 ut
1018 1197 1088 1250 sit
1156 1196 1517 1266 providerunt.
1623 1194 1765 1249 Neo-

114 1272 383 1340 ptolemus
438 1270 763 1339 praesidium
810 1271 924 1340 dat,
977 1270 1224 1324 Antenor
1278 1288 1400 1323 eum
1455 1270 1512 1322 in
1560 1269 1765 1339 regiam
1791 1284 1831 1316 15

117 1345 284 1413 ducit,
315 1345 408 1397 ubi
439 1344 686 1397 Troianis
718 1345 954 1413 p'ositum
986 1345 1312 1414 praesidium
1345 1347 1473 1397 erat.
1528 1343 1765 1413 Neopto-

117 1419 288 1471 lemus
327 1418 385 1470 in
423 1418 629 1488 regiam
668 1418 1032 1488 inruptionem
1079 1419 1229 1487 facit,
1276 1418 1538 1472 Troianos
1578 1418 1766 1485 caedit,

116 1491 390 1544 Priamum
414 1492 765 1562 persequitur,
791 1510 949 1562 quem
975 1496 1099 1545 ante
1125 1511 1274 1546 aram
1295 1493 1439 1546 Iovis
1466 1493 1765 1546 obtruncat.

115 1565 340 1619 Hecuba
387 1566 513 1618 dum
558 1565 700 1635 fugit
744 1584 864 1618 cum
911 1566 1204 1637 Polyxena,
1250 1567 1461 1619 Aeneas
1514 1566 1765 1619 occurrit:

88 1639 391 1708 >Polyxena
451 1639 616 1692 tradit
676 1656 729 1692 se
789 1641 859 1708 ei,
930 1660 1091 1710 quam
1151 1641 1365 1693 Aeneas
1429 1640 1496 1693 ad
1557 1643 1766 1709 patrem
1791 1655 1833 1686 20

117 1713 394 1766 Anchisen
441 1713 734 1767 abscondit.
818 1714 1198 1768 Andromacha
1252 1718 1307 1767 et
1353 1713 1657 1768 Cassandra
1711 1733 1766 1767 se

241 1954 262 1992 1
298 1947 456 1992 suadit
486 1947 529 1990 L
555 1946 562 2005 1
591 1960 746 1991 sceam
779 1947 821 1991 G
953 1952 979 1991 2
1013 1948 1080 1992 ibi
1111 1947 1154 1991 L
1182 1951 1187 2003 1
1216 1948 1369 2005 capud
1401 1948 1444 1991 L
1564 1953 1590 1992 3
1623 1948 1668 1992 h.
1702 1948 1767 1992 ibi

120 2021 189 2064 pr.
224 2007 266 2051 G
294 2008 300 2062 Ι
327 2009 468 2051 noctu
500 2019 583 2050 om.
618 2005 682 2060 G,
715 2007 820 2050 add.
854 2010 960 2050 ante
990 2009 1176 2063 portam
1204 2009 1209 2062 1
1239 2009 1334 2052 ant.
1367 2021 1472 2052 cum
1505 2007 1694 2052 anchise
1728 2007 1770 2051 G

118 2070 147 2109 4
195 2065 417 2110 exercitui
469 2066 579 2123 Arg.
624 2079 708 2108 om.
753 2065 795 2109 G
837 2066 943 2110 add.
988 2079 1066 2110 eos
1197 2072 1223 2110 5
1266 2066 1525 2123 eruptionis
1564 2067 1677 2111 foris
1727 2066 1770 2110 L

121 2123 397 2180 irruptionis
427 2124 526 2168 fore
568 2123 609 2167 G
642 2128 760 2167 tum.-
792 2123 974 2180 dicunt,
1008 2125 1090 2180 qui
1122 2125 1188 2170 ibi
1219 2127 1376 2183 presto
1410 2126 1566 2170 forent
1596 2126 1678 2182 qui
1710 2126 1770 2170 ad

553 2192 575 2216 a

119 2239 279 2284 regem
333 2239 412 2270 eos
459 2226 635 2271 ducunt
764 2231 790 2271 6
832 2227 1108 2285 Postquam]
1142 2242 1374 2285 nusquam
1414 2229 1456 2272 L
1491 2230 1497 2283 1
1531 2229 1659 2286 pacti
1689 2229 1732 2272 L
1761 2230 1764 2286 1

122 2299 250 2344 dicta
282 2286 622 2358 demonstrata]
649 2300 762 2344 data
794 2300 836 2345 G
966 2306 989 2345 7
1023 2302 1198 2347 factam
1230 2302 1273 2346 G
1401 2307 1427 2347 8
1460 2302 1576 2346 dicit
1608 2302 1651 2347 G
1712 2303 1769 2347 de

119 2358 222 2403 uita
270 2371 455 2414 quoque
503 2358 568 2412 L,
619 2360 740 2403 uncle
785 2361 951 2416 scripsi
1001 2360 1207 2418 dicitque
1244 2364 1249 2417 1
1284 2361 1521 2406 antenoris
1566 2362 1610 2404 L
1637 2363 1645 2418 Ι
1670 2363 1769 2419 pla-

120 2417 287 2474 citum]
327 2419 515 2462 cautum
563 2416 607 2462 G
756 2424 782 2463 9
838 2421 891 2464 ut
939 2419 990 2463 hi
1034 2419 1152 2474 LG,
1206 2434 1278 2465 sco
1279 2421 1372 2476 ipsi
1423 2420 1494 2464 uti
1529 2423 1536 2476 1
1571 2420 1619 2464 in
1666 2434 1770 2465 eam

120 2478 304 2533 partem
349 2476 393 2518 L
438 2477 491 2520 in
535 2490 679 2533 mary.
759 2477 819 2521 ad
875 2491 978 2522 eam
1031 2481 1214 2536 partem
1268 2478 1390 2523 muri
1441 2479 1483 2523 G
1621 2485 1676 2524 10
1723 2495 1768 2537 p.

118 2548 276 2579 sceam
308 2534 351 2579 G
474 2541 523 2579 11
563 2535 766 2580 educant
789 2536 832 2580 G
892 2537 1194 2582 introducant
1219 2538 1269 2581 F
1390 2543 1440 2582 13
1474 2537 1615 2596 fugae
1639 2552 1769 2595 prae-

121 2593 293 2638 sidium
328 2593 584 2639 Mercerius
708 2600 762 2639 14
791 2597 844 2640 ut
875 2598 998 2641 esset
1031 2597 1287 2642 Mercerius
1411 2602 1464 2642 16
1497 2597 1652 2642 ubi—
1671 2601 1771 2642 erat

121 2665 205 2696 om.
246 2651 288 2696 G
411 2658 463 2698 17
503 2653 628 2698 cedit
668 2653 712 2699 G
851 2660 904 2699 18
954 2658 1126 2771 anteP
1106 2669 1237 2699 aram
1279 2655 1400 2701 iovis
1439 2655 1482 2699 L
1527 2658 1580 2700 in
1625 2670 1767 2724 υιαν9.

117 2715 258 2755 antea
297 2710 346 2754 in
385 2713 560 2755 terram
699 2718 751 2757 19
802 2713 1095 2817 haecubac.2
1132 2715 1226 2759 ..d
1266 2714 1296 2759 f.
1348 2728 1512 2759 eneam
1558 2715 1768 2760 incurrit.

122 2770 402 2826 polyxenam
433 2770 476 2814 ei
506 2771 665 2817 tradit.
720 2772 873 2817 Encas
907 2773 950 2817 G
1101 2780 1205 2831 p.
1237 2774 1512 2820 tradidisset
1542 2775 1586 2819 ei
1617 2774 1660 2818 L
1687 2776 1693 2830 1
1723 2789 1769 2819 sc

121 2828 286 2873 addidi
320 2831 500 2932 {unem
539 2829 582 2873 L
708 2835 762 2875 21
799 2831 1019 2877 anchisen
1051 2846 1156 2877 eam
1189 2833 1313 2878 absc.
1346 2833 1389 2878 G
1415 2835 1421 2889 1
1450 2833 1499 2878 iu
1542 2834 1676 2879 edem
1708 2850 1768 2878 m.

122 2900 172 2932 se
203 2900 297 2933 occ.
379 2920 389 2929 .

212 2970 347 3002 lunas
373 2971 589 3003 Pam-oms.
1477 2971 1502 3009 4
