1956 3178
1811 0 1825 34 ‚⁷
1854 0 1956 40 μὴ

292 75 395 128 104
797 78 1020 122 morrs
1053 78 1391 122 CRETENSIS

427 202 526 255 III.
601 202 744 256 Dein
791 203 884 255 ubi
923 201 1136 255 Orestes
1181 204 1463 256 transactis
1509 204 1762 273 pueritiae
1798 222 1891 257 an-

286 273 372 326 nis
411 273 590 326 officia
626 273 727 325 viri
776 273 965 342 exequi
1010 274 1213 342 coepit,
1263 278 1381 326 orat
1416 273 1769 342 Idomeneuzn‚
1807 275 1891 327 uti

289 361 469 396 secum
507 361 572 395 ex
610 361 673 395 ea
709 343 886 396 insula
913 362 1071 412 quam
1107 344 1367 412 plurimos
1403 345 1664 398 mitteret:
1692 342 1893 413 ¹cupere

286 431 519 482 namque
568 431 622 465 se
669 414 913 467 Athenas
962 415 1231 484 navigare.
1307 415 1488 484 itaque
1537 415 1752 469 collecto
1792 433 1890 467 nu-

244 500 265 532 5
287 502 433 536 mero
474 501 659 536 eorum
710 502 843 552 quos
894 484 1114 538 idoneos
1161 486 1409 538 credebat
1451 486 1688 539 Athenas
1725 485 1892 552 venit,

286 555 352 606 ab
398 554 482 606 his
530 554 787 607 auxilium
831 558 1018 607 eontra
1063 555 1385 625 Aegisthum
1435 560 1567 610 orat.
1652 554 1778 607 dein
1822 554 1891 608 ad

288 624 563 677 oraculum
611 625 722 677 adit
777 643 1198 694 responsumque
1254 626 1382 695 fert,
1441 627 1522 679 uti
1567 627 1786 679 matrem
1836 629 1893 678 et

287 712 408 747 cum
446 713 508 747 ea
532 695 856 764 Aegisthum
890 697 1201 748 interficiat:
1241 714 1305 748 ex
1342 715 1448 766 quo
1485 697 1619 764 fore,
1658 696 1738 748 uti
1774 712 1893 765 reg-

285 783 417 817 num
452 766 686 835 patrium
722 767 997 834 reciperet.
1058 766 1366 819 huiusmodi
1401 769 1617 820 numine
1655 768 1892 818 armatus

223 852 264 884 10
289 853 409 888 cum
445 836 716 904 praedicta
760 855 923 888 manu
970 837 1037 888 ad
1074 837 1386 905 Strophium
1434 837 1604 890 venit:
1651 837 1697 888 is
1743 854 1894 888 nam-

289 924 390 975 que
435 906 743 975 PhocensiS,
782 907 930 959 cuius
967 907 1079 959 filia
1115 908 1173 959 in
1209 907 1607 960 matrimonium
1642 905 1892 986 Aegisthi

289 976 625 1045 denupserat,
664 977 991 1046 indignatuS,
1032 978 1175 1046 quod
1213 982 1389 1046 spreto
1427 977 1603 1047 priore
1638 976 1892 1046 comugio

288 1046 698 1115 Clytemestram
735 1047 1106 1115 superduxerit
1150 1050 1203 1100 et
1249 1066 1427 1118 regem
1475 1047 1716 1100 omnium
1751 1048 1894 1115 Aga-

286 1135 628 1170 memnonem
676 1117 883 1169 insidiis
932 1118 1283 1186 interfecerit,
1340 1118 1480 1170 ultro
1538 1117 1587 1169 ei
1634 1116 1887 1169 auxilium

223 1202 264 1235 15
287 1188 566 1240 adversum
603 1188 998 1241 inimicissimos
1025 1189 1306 1256 optulerat.
1367 1189 1548 1255 itaque
1586 1187 1892 1255 conspirato

285 1259 427 1310 inter
452 1276 506 1310 se
528 1276 648 1310 cum
667 1275 864 1327 magna
880 1277 1044 1310 manu
1063 1259 1315 1327 Mycenas
1339 1259 1566 1310 veniunt
1589 1258 1892 1326 statimque,

287 1329 430 1396 quod
467 1328 760 1397 Aegisthus
811 1329 1016 1396 aberat,
1064 1329 1238 1397 primo
1279 1329 1684 1396 Clytemestram
1731 1327 1893 1380 inter-

285 1398 476 1450 ficiunt
540 1399 842 1466 multosque
900 1399 1059 1467 alios,
1118 1400 1210 1467 qui
1263 1399 1506 1451 resistere
1564 1398 1680 1450 ausi
1725 1400 1893 1466 erant,

287 1468 411 1520 dein
454 1470 671 1538 cognito
711 1469 1034 1538 Aegisthum
1072 1470 1358 1522 adventare
1416 1468 1636 1520 insidias
1682 1470 1897 1536 ponunt

224 1555 266 1587 20
289 1557 516 1608 eumque
544 1540 984 1592 circumveniunt.
1047 1539 1170 1592 inde
1206 1557 1302 1608 per
1328 1557 1541 1592 omnem
1565 1539 1895 1607 Argivorum

285 1610 548 1678 populum
592 1609 850 1662 dissensio
890 1610 1191 1662 animorum
1238 1612 1444 1677 exorta,
1498 1607 1641 1677 quod
1687 1607 1896 1660 diversa

286 1680 429 1732 inter
466 1698 520 1732 se
559 1680 834 1747 cupientes
873 1680 936 1732 ad
974 1684 1306 1748 postremum
1352 1680 1410 1731 in
1447 1682 1624 1747 partes
1663 1678 1892 1731 discede-

287 1753 423 1802 rent.
450 1788 465 1797 .
498 1768 594 1818 per
636 1750 777 1802 idem
814 1754 1026 1818 tempus
1065 1750 1342 1802 Menelaus
1388 1749 1640 1818 adpulsus
1678 1747 1896 1802 Cretam

287 1823 480 1872 cuncta
516 1838 675 1888 super
699 1822 1107 1891 Agamemnone
1133 1837 1407 1889 regnoque
1447 1820 1559 1872 eius
1597 1818 1890 1889 cognoscit.

221 1906 265 1938 25
427 1890 523 1943 IV.
585 1890 798 1942 Interea
822 1909 918 1959 per
944 1909 1157 1943 omnem
1193 1890 1423 1942 insulam
1447 1892 1733 1958 postquam
1769 1905 1894 1958 cog-

286 1961 462 2014 nitum
499 1960 763 2013 Helenam
800 1979 862 2013 eo
900 1961 1133 2029 venisse,
1183 1961 1340 2013 multi
1377 1959 1612 2027 undique
1649 1958 1795 2011 virili
1832 1975 1894 2011 ac

286 2032 536 2084 muliebri
555 2050 682 2084 sexu
702 2031 982 2084 confluunt
1006 2031 1405 2083 adinvenientes
1425 2030 1715 2097 dinoscere,
1740 2027 1891 2080 cuius

287 2102 462 2171 gratia
499 2102 643 2154 orbis
680 2120 851 2169 paene
891 2102 1064 2154 omnis
1112 2101 1179 2153 ad
1214 2101 1415 2153 bellum
1462 2098 1891 2167 conspiravisset.

287 2172 364 2224 ibi
400 2172 542 2224 inter
580 2175 754 2224 cetera
779 2171 1055 2224 Menelaus
1091 2170 1295 2240 perfert
1318 2171 1580 2223 Teucrum
1611 2168 1890 2237 expulsum

224 2257 266 2290 30
288 2243 464 2311 patria
519 2242 790 2294 civitatem
855 2241 997 2310 apud
1055 2241 1290 2311 Cyprum
1347 2240 1617 2305 Salamina
1679 2238 1898 2292 nomine

290 2312 603 2365 condidisse.
686 2312 856 2364 multa
903 2313 1063 2364 etiam
1112 2311 1253 2380 apud
1298 2313 1607 2381 Aegyptum
1651 2307 1898 2361 miranda

288 2382 454 2435 refert
501 2386 555 2436 et
602 2381 808 2450 Canopi
865 2383 1238 2451 gubernatoris
1284 2382 1389 2450 sui,
1447 2381 1533 2434 cui
1579 2380 1671 2432 ubi
1712 2396 1894 2431 morsu

290 2453 619 2521 serpentium
656 2451 948 2520 interierat,
989 2456 1288 2504 extructum
1325 2451 1670 2520 magnificum
1705 2466 1894 2501 monu-

289 2526 543 2575 mentum.
620 2523 743 2575 dein
779 2523 871 2575 ubi
907 2525 1118 2590 tempus
1155 2523 1329 2574 visum
1366 2525 1471 2589 est,
1512 2520 1765 2588 Mycenas
1801 2535 1894 2570 na-

403 2696 455 2734 21
489 2694 606 2746 quod
640 2694 718 2735 GB
778 2693 927 2746 quoad
958 2694 1000 2733 P
1110 2694 1164 2732 22
1196 2692 1435 2744 capientes
1459 2690 1536 2731 GB
1597 2689 1836 2741 cupientes
1857 2688 1902 2728 P

290 2751 343 2791 27
390 2749 694 2791 aduenientes
739 2751 856 2796 libri,
899 2755 1083 2791 nostrum
1126 2749 1286 2800 Peiper
1336 2748 1397 2788 cf.
1443 2760 1485 2800 p.
1532 2747 1599 2796 52,
1648 2747 1721 2795 17,
1771 2745 1893 2795 uulgo

291 2810 482 2847 auentes
567 2808 620 2847 29
652 2806 797 2847 refert
817 2807 906 2846 PV
929 2807 1050 2858 uulgo
1081 2804 1259 2858 profert
1345 2805 1400 2845 30
1421 2802 1691 2844 salaminam
1711 2799 1754 2839 B
1837 2799 1894 2840 32

291 2863 370 2914 qui
399 2863 509 2912 libri,
542 2863 615 2903 cui
645 2863 819 2914 Peiper.

1922 45 1956 120 Α
