1956 3178
587 108 775 150 BELLI
806 107 1060 150 TROIANI
1088 107 1739 161 LIB.1.15

125 235 388 305 promisce
425 251 521 303 per
546 251 743 303 pecora
779 237 939 302 atque
967 233 1259 286 exercitum
1285 233 1531 314 grassari.
1594 251 1743 302 pror-

126 324 214 360 sus
250 305 431 358 nullus
469 303 647 357 funeri
683 303 872 356 modus
902 321 1076 372 neque
1114 303 1350 384 requies:
1389 303 1469 356 uti
1508 304 1741 373 quidque

125 376 268 430 malo
308 375 527 428 obvium
562 361 754 443 fuerat,
793 374 1119 426 vastabatur.
1196 374 1314 443 quis
1350 375 1509 427 rebus
1548 375 1743 455 6011161-

123 447 195 500 tis
234 446 455 499 ducibus
490 445 683 498 mulier
720 444 981 512 quaedam
1019 443 1116 497 deo
1164 444 1326 513 plena
1362 444 1569 498 Dianae
1607 445 1742 498 iram

123 517 294 571 fatur:
335 534 451 569 eam
485 532 718 584 namque
760 515 828 568 ob
865 532 1052 568 necem
1090 533 1327 583 capreae,
1368 534 1474 584 qua
1510 517 1740 570 maxime
1763 531 1783 564 5

124 587 439 655 laetabatur,
467 585 731 656 sacrilegii
757 603 989 655 poenam
1010 585 1075 638 ab
1098 586 1332 639 exercitu
1354 590 1617 656 expetere,
1642 605 1742 640 1166

123 657 296 726 leniri,
322 657 634 737 priusquam
659 660 845 709 auctor
870 656 1008 709 tanti
1035 657 1247 709 sceleris
1283 657 1449 710 filiam
1475 661 1606 710 natu
1632 676 1744 711 1113-

122 728 320 780 ximam
345 727 599 780 vicariam
625 727 899 779 victimam
925 727 1326 780 immolavisset.
1387 745 1523 796 quae
1549 746 1656 781 vox
1681 731 1742 781 ut

122 797 188 851 ad
245 797 536 851 exercitum
591 798 763 866 venit,
822 815 1007 850 omnes
1063 797 1219 850 duces
1275 799 1740 867 Agamemnonem

122 867 320 922 adeunt
357 885 583 936 eumque
630 868 803 936 primo
854 886 1005 921 orare
1054 871 1495 937 recusantemque
1543 868 1610 921 ad
1646 887 1739 938 po·
1764 883 1805 916 10

122 942 376 992 stremum
403 955 611 1008 cogere,
638 939 717 991 uti
737 939 878 992 malo
914 939 1129 992 obviam
1158 942 1485 1019 properaret.
1531 939 1623 992 sed
1648 940 1741 992 ubi

122 1009 390 1063 obstinate
426 1027 650 1090 renuere
676 1009 879 1077 vident,
917 1027 1016 1062 nec
1042 1009 1152 1061 ulla
1189 1010 1241 1061 vi
1281 1013 1486 1077 queunt
1510 1010 1739 1079 flectere,

119 1079 366 1149 plurimis
391 1079 648 1133 conviciis
674 1080 902 1133 insecuti
923 1081 989 1133 ad
1008 1083 1338 1159 postremum
1363 1080 1513 1160 regio
1533 1080 1741 1133 honore

121 1150 442 1219 spoliavere.
502 1167 564 1203 ac
609 1167 678 1202 116
727 1154 880 1203 tanta
926 1151 1006 1203 vis
1055 1150 1315 1203 exercitus
1374 1150 1488 1203 sine
1533 1154 1740 1204 rectore

121 1220 338 1274 effusius
375 1238 436 1274 36
474 1221 587 1273 61116
622 1220 781 1273 1110ᾶο
817 1221 1042 1273 militiae
1080 1224 1383 1290 vagaretur,
1421 1221 1740 1289 praeficiunt
1763 1235 1804 1268 15

121 1294 244 1344 ante
290 1308 475 1344 omnes
523 1290 863 1343 Palamedem
912 1291 1035 1343 dein
1068 1289 1385 1343 Diomedem
1431 1294 1484 1343 et
1517 1291 1740 1344 Aiacem

120 1361 509 1441 Telamonium,
557 1365 805 1429 quartum
849 1361 1153 1414 Idomenea.
1221 1361 1298 1413 ita
1333 1379 1429 1429 per
1467 1362 1738 1430 aequatio-

119 1449 244 1485 nem
280 1431 491 1484 numeri
529 1435 689 1500 atque
727 1434 961 1500 partium
1000 1431 1420 1500 quadripertitur
1459 1433 1737 1486 exercitus,

260 1501 378 1558 XX.
440 1501 631 1570 Neque
678 1502 895 1555 interim
942 1503 1083 1554 ullus
1120 1502 1244 1554 finis
1281 1503 1576 1555 vastitatiS.
1617 1520 1739 1556 cum

119 1571 307 1626 Ulixes
346 1572 595 1624 simulata
633 1590 696 1624 ex
733 1573 1030 1641 pertinacia
1066 1573 1491 1642 Agamemnonis
1529 1574 1736 1626 iracun-
1758 1584 1802 1620 20

121 1642 208 1696 dia
253 1645 307 1695 et
353 1643 421 1695 ob
469 1642 524 1694 id
570 1642 954 1695 domuitionem
993 1643 1315 1695 confirmans
1361 1660 1623 1723 magnum
1661 1647 1738 1697 313-

158 1731 224 1766 116
262 1712 583 1781 insperabile
623 1714 828 1766 cunctis
865 1712 1158 1766 remedium
1197 1713 1539 1794 excogitavit.
1615 1732 1738 1783 pro-

119 1731 172 1836 116
174 1787 290 1836 ctus
325 1800 557 1852 namque
596 1782 850 1852 Mycenas
897 1783 1047 1836 nullo
1087 1783 1297 1836 consilii
1340 1784 1602 1852 participe
1639 1784 1736 1836 fal-

120 1871 203 1906 sas
239 1853 444 1906 litteras
481 1856 754 1922 tamquam
802 1855 868 1907 ab
906 1854 1314 1934 Agamemnone
1361 1853 1427 1905 ad
1475 1855 1537 1908 Ol
1574 1857 1737 1907 teme-

120 1927 284 1977 stram
331 1923 558 1992 perfert,
606 1942 832 2004 quarum
871 1924 1138 1977 sententia
1174 1924 1308 1976 haec
1347 1927 1482 1976 erat:
1550 1924 1735 1994 phige-
1758 1937 1801 1970 2⁵

64 2011 69 2018 ·
119 1994 292 2062 niam,
330 2011 456 2046 nam
495 2011 557 2046 63
593 1994 766 2047 1113161
803 1997 934 2047 natu
974 1997 1114 2062 erat,
1155 1993 1473 2062 desponsam
1509 1994 1734 2047 Achilli:

121 2081 347 2132 eumque
371 2082 484 2117 non
508 2064 657 2132 prius
683 2064 750 2116 ad
776 2064 991 2117 Troiam
1017 2063 1400 2132 profecturum,
1429 2082 1590 2133 quam
1614 2083 1737 2133 pro-

119 2134 267 2186 missi
303 2133 433 2187 fides
471 2134 807 2202 impleretur:
848 2135 915 2187 ob
943 2152 1077 2203 quae
1115 2133 1398 2187 festinaret
1423 2152 1646 2204 eamque
1683 2138 1737 2187 et

121 2220 256 2271 quae
293 2204 498 2272 nuptiis
536 2205 656 2256 usui
692 2207 895 2273 essent,
934 2208 1140 2257 mature
1167 2205 1395 2257 mittere.
1458 2209 1736 2273 praeterea

120 2273 291 2326 multa
314 2291 412 2341 pro
438 2274 659 2343 negotio
694 2274 904 2327 locutus
939 2276 1196 2327 ementito
1232 2293 1291 2327 31
1293 2279 1549 2345 gumento
1577 2275 1734 2328 fidem
1757 2287 1799 2320 30

120 2345 334 2395 fecerat.
386 2361 545 2465 I{luae
581 2344 673 2396 ubi
713 2345 917 2413 accepit
954 2345 1308 2414 Clytemestra
1357 2363 1477 2397 cum
1514 2348 1736 2414 propter

121 2413 350 2482 gratiam
472 2413 647 2482 161136,
694 2419 808 2467 tum
855 2415 1109 2479 maxime,
1160 2415 1303 2483 quod
1349 2418 1460 2467 tam
1510 2415 1736 2468 celeber-

121 2483 245 2535 rimi
281 2483 516 2536 nominis
554 2484 669 2537 viro
708 2484 820 2537 filia
855 2485 1179 2554 traderetur,
1217 2486 1359 2538 laeta
1394 2484 1734 2555 Iphigeniam

122 2551 271 2606 Ulixi
310 2554 612 2607 committit.
675 2555 825 2623 isque
864 2555 1110 2609 confecto
1148 2556 1368 2624 negotio
1407 2556 1590 2623 paucis
1629 2555 1734 2608 die-

236 2723 260 2763 7
289 2722 415 2764 liniri
448 2723 483 2765 G
585 2725 636 2764 12
666 2736 890 2767 rennuere
915 2726 950 2767 G
1069 2726 1119 2767 18
1150 2725 1351 2767 muneris
1381 2728 1523 2766 maluit
1551 2725 1734 2766 Obrech-

124 2784 189 2819 tus
322 2780 378 2820 20
414 2780 668 2832 pertinatia
702 2781 780 2822 GB
917 2784 971 2823 21
1013 2781 1413 2824 domimentionem
1454 2781 1532 2823 GB
1570 2783 1731 2823 emend.

122 2833 349 2876 Mercerus
492 2837 545 2876 22
574 2836 887 2891 inseparabile
923 2838 957 2879 G
1014 2837 1322 2891 inseperabile
1355 2838 1396 2878 B
1426 2850 1540 2879 corr.
1573 2838 1625 2879 P.

122 2890 177 2930 26
208 2889 471 2943 disponsam
504 2891 540 2932 G
598 2892 867 2946 desponsam
899 2893 940 2933 B
1056 2895 1109 2936 32
1140 2898 1250 2936 tunc
1284 2895 1318 2935 G
1377 2899 1473 2936 tum
1503 2894 1559 2934 B.
