1956 3178
433 151 512 196 DE
545 149 791 196 EXCIDIO
826 148 1052 195 TROIAE
1084 146 1389 193 HISTORIA.
1667 146 1737 199 21

93 275 218 327 dam
257 273 501 343 Mysiam.
571 272 637 324 ad
681 270 1287 340 Teuthrantem‘regem
1327 268 1552 322 veniunt
1589 286 1740 338 prae-

93 348 322 417 damque
353 347 572 400 faciunt.
626 345 891 399 Teuthras
924 363 1043 398 cum
1076 343 1310 397 exercitu
1343 343 1742 412 superveniunt.

95 439 253 491 quem
284 420 522 474 Achilles
561 420 748 490 fugato
785 419 1018 472 exercitu
1058 419 1326 471 vulnerat:
1368 435 1526 486 quem
1566 417 1741 470 iacen-

92 499 203 548 tem
251 494 516 564 Telephus
568 494 738 563 clipeo
785 493 1040 562 protexit,
1085 510 1153 544 ne
1202 493 1270 545 ab
1316 491 1526 544 Achille
1578 491 1741 543 inter-

92 569 351 622 ficeretur.
444 570 868 621 commemorant
919 567 1060 619 inter
1114 584 1169 619 se
1222 565 1540 635 hospitium,
1600 565 1742 635 quod
1767 574 1788 608 5

94 642 360 711 Telephus
392 660 512 695 cum
552 642 723 694 adhuc
761 659 895 710 puer
926 644 1061 709 erat,
1103 659 1134 693 a
1164 643 1317 709 patre
1350 638 1581 692 Hercule
1621 657 1743 708 pro-

93 716 329 786 genitus,
391 734 423 768 a
477 715 807 768 Teuthrante
869 731 993 784 rege
1056 714 1291 783 hospitio
1346 716 1591 782 receptus
1647 716 1745 766 est.

92 789 409 844 Diomedem
447 806 629 859 regem
668 789 850 841 ferunt
896 806 958 841 eo
1001 791 1243 857 tempore
1288 791 1575 841 venantem
1621 805 1743 840 cum

94 863 243 934 equis
305 863 617 932 potentibus
680 866 734 915 et
794 862 922 914 feris
985 862 1052 914 ab
1107 860 1337 914 Hercule
1398 861 1743 914 interfectum

94 937 413 990 Teuthranti
470 954 698 1007 regnum
743 939 919 989 totum
981 935 1288 988 tradidisse:
1352 935 1421 989 ob
1475 935 1578 988 hoc
1630 935 1743 988 eius
1770 945 1812 978 10

93 1011 261 1063 filium
322 1010 617 1080 Telephum
674 1010 721 1062 ei
778 1010 1052 1079 subpetias
1106 1009 1331 1063 venisse.
1425 1009 1567 1079 quod
1623 1027 1744 1062 cum

95 1084 361 1138 Teuthras
399 1085 736 1154 intellegeret
776 1102 831 1136 se
862 1084 1047 1137 eodem
1086 1084 1306 1136 vulnere
1345 1086 1575 1136 mortem
1616 1083 1744 1135 effu·

97 1176 221 1229 gere
252 1177 366 1212 non
402 1176 584 1228 posse,
622 1175 849 1228 regnum
883 1176 1037 1210 suum
1069 1156 1300 1227 Mysiam
1329 1157 1480 1210 vivus
1507 1157 1744 1226 Telepho

93 1232 318 1285 tradidit
355 1236 409 1285 et
456 1251 578 1284 eum
623 1249 804 1302 regem
853 1231 1133 1285 ordinavit.
1217 1236 1333 1285 tum
1379 1248 1561 1302 regem
1609 1230 1744 1284 Teu-

92 1305 366 1359 thrantem
425 1306 692 1375 Telephus
753 1305 1035 1375 magnifice
1101 1305 1360 1374 sepelivit.
1454 1304 1643 1358 suadet
1696 1305 1743 1359 ei
1770 1313 1812 1346 1⁵

94 1380 356 1449 Achilles,
394 1383 455 1432 ut
485 1398 685 1433 novum
715 1396 943 1449 regnum
976 1382 1276 1432 conservet:
1316 1380 1394 1432 ait
1427 1380 1548 1449 plus
1571 1379 1744 1432 multo

95 1471 217 1506 eum
258 1453 547 1507 exercitum
589 1453 986 1522 adiuvaturum,
1029 1453 1073 1506 si
1109 1456 1464 1507 commeatum
1486 1453 1745 1506 frumenti

95 1528 349 1580 exercitui
387 1531 754 1597 praepararet,
795 1546 955 1597 quam
982 1527 1026 1580 si
1052 1527 1119 1579 ad
1144 1527 1362 1581 Troiam
1385 1528 1500 1580 iret.
1561 1528 1744 1597 itaque

95 1601 361 1671 Telephus
423 1604 679 1654 remanet.
778 1600 1016 1654 Achilles
1079 1619 1199 1654 cum
1253 1619 1451 1672 magno
1513 1602 1744 1671 praedae

95 1675 414 1728 commercio
462 1675 530 1727 ad
577 1675 866 1727 exercitum
914 1674 1187 1727 Tenedum
1234 1676 1540 1744 revertitur,
1596 1674 1741 1746 Aga·
1769 1683 1812 1716 20

95 1750 371 1802 memnoni
408 1767 521 1802 rem
562 1752 771 1819 gestam
810 1752 1018 1818 narrat,
1060 1748 1439 1819 Agamemnon
1460 1749 1746 1819 adprobat

96 1823 396 1876 conlaudat.

216 1989 238 2027 1
280 1983 466 2028 misiam
503 1984 547 2027 L
606 1984 801 2029 mesiam
836 1984 877 2028 G
914 1987 918 2038 Ι
954 1984 1271 2029 theutrantem
1306 1983 1401 2029 LG
1429 1985 1434 2038 1
1461 1983 1745 2041 perueniunt
1784 1996 1805 2018 ⁰

96 2042 138 2088 G
260 2048 284 2087 2
328 2043 543 2088 theutras
576 2043 619 2088 G
678 2043 926 2088 theutrans
969 2043 1013 2086 L
1051 2045 1056 2096 Ι
1096 2042 1367 2100 superuenit
1409 2042 1451 2087 G
1585 2048 1610 2088 3
1643 2043 1744 2087 uul-

94 2101 282 2147 nerauit
313 2101 355 2147 G
475 2107 502 2146 4
534 2102 786 2159 thelephus
818 2102 1015 2159 clyppeo
1049 2115 1157 2146 eum
1187 2116 1256 2158 pr.
1289 2102 1333 2145 L
1421 2107 1447 2147 5
1464 2106 1572 2158 post
1602 2101 1745 2147 inter·

94 2161 311 2206 ficeretur
343 2160 407 2206 G:
439 2159 817 2206 Commemorant
839 2160 963 2205 inter
987 2174 1035 2205 se
1058 2161 1319 2219 hospicium
1344 2161 1470 2218 quod
1494 2161 1744 2219 thelephus

95 2233 202 2264 cum
234 2218 386 2264 adhuc
417 2233 534 2277 puer
565 2222 688 2276 erat,
720 2219 784 2263 L:
831 2219 899 2264 Eo
931 2219 1055 2265 enim
1086 2221 1297 2278 tempore
1335 2220 1552 2277 telephus
1591 2220 1745 2265 adhuc

94 2291 210 2336 puer
242 2280 345 2323 erat
473 2283 496 2323 7
534 2279 724 2324 theutra
754 2279 798 2322 L
864 2279 1135 2324 theutrante
1167 2279 1210 2324 G
1339 2284 1365 2324 8
1404 2279 1564 2324 ferunt
1593 2292 1675 2323 om.
1702 2279 1746 2324 G

96 2337 201 2383 add.
231 2341 334 2394 post
365 2337 475 2383 feris
502 2339 508 2394 Ι
535 2339 784 2383 nexantem
818 2338 949 2393 libri,
989 2351 1102 2383 corr.
1138 2339 1394 2384 Mereerius
1421 2339 1426 2394 1
1454 2351 1560 2382 cum
1593 2351 1676 2383 om.
1701 2338 1747 2382 L

96 2402 122 2441 9
155 2396 264 2454 equi
296 2396 339 2442 G
399 2410 608 2454 quosque
640 2397 684 2441 L
711 2399 716 2452 1
744 2399 936 2454 potente
969 2396 1122 2443 efferis
1154 2397 1198 2441 L
1321 2402 1375 2442 10
1402 2397 1745 2442 theutrantem·

96 2469 186 2513 que
233 2455 276 2501 G
350 2455 707 2513 theutrantique
737 2457 782 2500 L
817 2459 821 2512 1
856 2469 1015 2515 regem
1063 2456 1106 2502 G
1140 2459 1145 2513 Ι
1180 2458 1336 2502 tutum
1370 2455 1413 2500 G
1448 2458 1453 2511 Ι
1488 2456 1745 2502 reddidisse

94 2514 191 2560 LG
249 2514 498 2560 tradidisse
528 2516 574 2559 A
700 2520 750 2560 11
786 2530 918 2575 supp.
953 2515 995 2560 G
1118 2521 1171 2560 12
1204 2514 1403 2573 intellig.
1436 2515 1480 2558 L
1603 2521 1659 2559 14
1696 2517 1746 2560 et

95 2573 138 2618 L
191 2575 244 2618 in
303 2588 452 2631 maryr
491 2576 496 2629 Ι
542 2588 740 2632 eumque
789 2574 831 2619 G
874 2577 879 2632 Ι
923 2574 1110 2620 ordinat
1156 2575 1199 2618 L
1245 2578 1250 2629 1
1295 2573 1544 2618 tunc—ei
1588 2574 1633 2618 L
1692 2576 1746 2619 in

96 2646 238 2690 marq.
362 2639 416 2678 15
457 2634 713 2691 suadetque
746 2633 789 2678 G
911 2639 966 2679 16
1004 2633 1091 2692 ait]
1126 2636 1174 2678 et
1214 2633 1256 2677 G
1380 2637 1433 2677 17
1475 2632 1745 2677 adiuturum

97 2691 139 2736 G
167 2694 172 2747 1
201 2692 472 2737 commeatis
512 2692 568 2748 (is
607 2706 720 2738 corr.
763 2694 815 2738 in
844 2695 893 2750 u)
926 2693 970 2737 L
1030 2694 1290 2737 commeato
1323 2691 1388 2746 G,
1425 2692 1590 2748 scripsi
1621 2706 1743 2736 com-

95 2752 303 2796 meatum
331 2752 336 2806 1
363 2750 598 2798 frumento
623 2751 665 2796 G
777 2757 831 2797 18
857 2752 1080 2797 exercitui
1105 2753 1380 2808 prepararet
1402 2749 1446 2793 L
1493 2750 1744 2807 quotannis

97 2809 155 2854 de
187 2823 242 2855 eo
281 2823 425 2868 regno
457 2824 536 2855 eos
570 2810 764 2855 adiuuet
803 2811 864 2866 G,
905 2812 1062 2855 malim
1099 2811 1379 2867 conpararet
1406 2811 1410 2864 1
1439 2809 1549 2867 iret]
1592 2811 1670 2854 eat
1701 2810 1744 2855 G

100 2874 153 2914 19
185 2881 360 2927 magna
389 2868 433 2913 L
552 2873 611 2914 20
642 2883 749 2914 cum
780 2868 986 2915 exercitu
1027 2869 1085 2912 ad
1116 2870 1210 2913 ten.
1244 2868 1286 2914 G
1408 2873 1461 2913 21
1495 2869 1743 2927 Agamem-

98 2940 191 2972 non
223 2940 306 2972 om.
340 2927 383 2971 L
409 2930 415 2984 1
445 2941 575 2985 appr.
611 2927 664 2972 G.
