1956 3178
739 117 1161 173 PRAEFATIO.
1649 156 1781 194 XLV

121 240 337 310 scripsit
382 240 552 296 Dares
610 249 823 299 centum
875 249 1268 320 quinquaginta
1317 253 1489 307 millia
1540 258 1778 327 equitum

121 331 183 367 eo
223 315 307 368 die
346 334 410 369 ex
431 320 584 386 parte
610 318 962 374 Troianorum
988 324 1055 376 ad
1079 326 1342 394 proelium
1366 331 1494 381 sunt
1532 333 1779 400 egressi“.

0 375 2 377 ’
58 402 67 406 “
116 385 283 442 Plane
320 390 462 443 idem
502 393 643 460 apud
682 393 1031 450 Benedictum
1072 417 1118 450 V.
1164 400 1343 453 17044
1382 402 1700 459 invenimus,

269 460 406 515 Sunt
442 468 625 518 tamen
664 468 827 521 etiam
867 469 957 522 alii
1002 471 1105 524 loci
1151 475 1427 544 permulti,
1482 495 1546 530 ex
1582 481 1775 549 quibus

119 536 352 589 conicias
379 536 681 593 Guidonem
697 541 967 613 Daretem,
991 549 1237 599 nostrum
1261 549 1482 618 inquam
1507 550 1775 623 Daretem,

119 611 244 661 ante
301 612 482 665 0011103
538 613 804 668 habuisse.
895 617 1049 680 Quod
1105 639 1209 689 quo
1261 622 1455 676 clarius
1518 632 1776 696 appareat

117 684 416 752 complures
471 686 612 739 infra
659 690 983 759 adscribam,
1039 694 1168 746 dicit
1227 697 1393 749 enim:
1461 698 1566 768 „Et
1628 702 1771 771 quod

114 754 306 826 frigius
340 758 491 812 dares
515 761 685 814 voluit
723 763 779 814 in
818 764 919 818 hoc
959 767 1076 819 1000
1117 771 1454 837 quorundam
1494 791 1774 842 grecorum

116 831 169 881 et
212 831 545 886 troianorum
593 835 889 890 describere
937 841 1141 894 colores
1190 845 1244 894 et
1289 843 1490 898 formas
1539 849 1630 916 qui
1670 851 1771 902 etsi

113 919 225 955 non
280 907 519 959 omnium
577 910 756 962 saltim
813 912 1110 966 describere
1164 917 1336 970 voluit
1396 919 1770 977 formosorum.

113 975 360 1031 Asseruit
413 982 556 1034 enini
609 983 667 1034 in
721 986 899 1038 codice
963 988 1045 1040 sui
1101 991 1276 1058 operis
1332 1010 1524 1061 graeca
1585 996 1771 1067 lingua

113 1053 411 1120 composito
461 1073 644 1108 omnes
692 1058 812 1111 illos
864 1061 973 1113 suis
1024 1064 1190 1116 oculis
1238 1065 1550 1134 inspexisse.
1627 1069 1770 1124 Nam

113 1125 324 1192 saepius
371 1127 512 1180 inter
557 1132 773 1200 treugas
823 1133 1035 1188 habitas
1078 1137 1217 1190 inter
1257 1142 1517 1194 exercitus
1558 1144 1672 1212 ipse
1714 1165 1770 1198 se

113 1198 180 1249 ad
254 1198 578 1254 Graecorum
652 1207 885 1259 tentoria
947 1210 1277 1281 conferebat7
1353 1215 1768 1288 uniuscuiusque

110 1272 328 1326 maioris
367 1274 596 1329 formam
637 1280 900 1347 aspiciens
942 1286 994 1334 et
1018 1288 1405 1355 contemplans,
1445 1293 1506 1341 ut
1528 1291 1768 1360 ipsorum

108 1344 167 1396 111
206 1364 302 1398 3110
343 1366 500 1416 opere
542 1351 700 1404 sciret
740 1354 1037 1409 describere
1079 1361 1399 1428 qualitates“
1437 1362 1541 1430 (De
1583 1365 1766 1421 Grecis

108 1417 486 1476 inchoantibus
525 1425 660 1477 inire
701 1429 961 1498 consilia).
1002 1430 1178 1485 Facile
1203 1435 1555 1506 intelligimus
1582 1441 1766 1494 obver—

110 1494 285 1546 satum
348 1514 463 1548 esse
522 1497 755 1553 Guidoni
821 1504 1034 1557 initium
1091 1509 1279 1576 capitis
1335 1509 1439 1562 XII
1493 1531 1541 1580 p.
1595 1515 1675 1582 14,
1732 1517 1766 1569 9

106 1564 307 1632 „Dares
356 1568 478 1623 Phr.
527 1575 617 1642 qui
663 1574 802 1628 hanc
841 1576 1122 1632 historiam
1165 1583 1377 1652 scripsit
1418 1586 1493 1637 ait
1533 1605 1587 1639 se
1628 1590 1770 1642 mili-⁷

106 1642 251 1692 tasse
288 1661 455 1712 usque
488 1646 613 1699 dum
639 1646 799 1701 Troia
832 1657 988 1720 capta
1028 1658 1123 1722 031,
1155 1656 1262 1708 hos
1305 1677 1359 1709 se
1399 1656 1612 1729 vidisse,
1638 1682 1761 1717 cum

105 1713 344 1767 indutiae
392 1719 602 1772 essent“
651 1753 720 1759 —
766 1724 878 1792 „De
925 1727 1030 1779 illis
1080 1732 1256 1782 autem
1306 1733 1395 1801 qui
1444 1733 1661 1788 fuerunt
1706 1738 1764 1790 in

106 1785 267 1840 Troia
316 1790 457 1843 idem
509 1793 660 1847 dares
711 1797 912 1852 formas
966 1820 1062 1854 suo
1116 1804 1240 1856 stilo
1293 1806 1607 1876 descripsit“
1657 1810 1762 1879 (De

104 1860 277 1914 forma
317 1866 370 1916 et
408 1869 613 1920 statura
653 1868 1028 1946 Troianorum)
1070 1881 1122 1929 et
1159 1879 1340 1946 paullo
1380 1885 1506 1949 post
1527 1882 1639 1950 „De
1677 1885 1789 1938 his

105 1937 282 1988 autem
322 1938 369 1990 d.
408 1939 470 1992 fr.
510 1943 680 1995 voluit
717 1945 919 2000 formas
962 1953 1014 2001 et
1053 1952 1255 2004 colores
1296 1953 1636 2010 describere“.
1697 1958 1762 2012 In

102 2009 411 2064 universum
428 2016 609 2068 tamen
624 2017 710 2070 hic
729 2038 937 2091 quoque
954 2022 1302 2078 Benedictum
1319 2029 1498 2095 potius
1519 2034 1760 2086 secutum

103 2088 218 2134 ess‘e
264 2086 576 2141 crediderim
627 2093 717 2160 qui
764 2097 817 2146 et
863 2096 976 2164 ipse
1017 2099 1099 2149 ter
1146 2099 1209 2150 de
1257 2100 1357 2153 hac
1407 2121 1462 2154 re
1503 2101 1571 2174 (v,
1613 2106 1757 2159 5073

103 2154 245 2208 5271
300 2159 468 2228 5561)
518 2166 571 2214 01
616 2165 775 2232 plane
823 2169 985 2221 simili
1032 2173 1190 2225 modo
1238 2174 1491 2243 loquitur.
1576 2178 1760 2233 Etiam

101 2228 158 2280 in
198 2236 570 2288 enumerandis
611 2239 836 2308 singulis
878 2241 1226 2299 Benedictum
1273 2249 1512 2306 imitatus
1562 2254 1757 2307 rectius

102 2319 230 2355 sane
285 2310 408 2374 post
463 2307 725 2365 Helenam
782 2315 1013 2370 Graecos
1078 2320 1355 2391 describit,
1419 2326 1561 2392 apud
1615 2327 1758 2381 hunc

101 2394 309 2447 quoque
356 2379 621 2436 Meriones
670 2389 899 2442 omissus
950 2393 1033 2444 vel
1079 2395 1258 2462 potius
1308 2397 1420 2449 eius
1470 2398 1756 2469 descriptio

98 2450 155 2501 in
177 2450 530 2508 Machaonem
553 2460 815 2515 translata
840 2468 935 2533 031,
961 2465 1186 2537 denique
1212 2470 1353 2537 apud
1379 2471 1520 2524 hunc
1546 2492 1757 2544 quoque

97 2521 416 2593 Polydamas
456 2530 843 2606 Persarumque
883 2557 975 2591 rex
1014 2540 1272 2595 Memnon
1312 2545 1478 2597 additi
1519 2551 1658 2600 sunt.
1685 2581 1754 2586 —

95 2596 234 2665 „Sed
287 2600 349 2653 fr.
412 2604 459 2656 d.
523 2605 586 2657 de
647 2608 730 2661 his
792 2611 927 2664 nihil
975 2615 1031 2666 in
1090 2635 1186 2668 suo
1251 2636 1407 2686 opere
1472 2620 1755 2691 descripsit

97 2670 408 2741 simpliciter
430 2696 636 2745 ponens
663 2683 909 2738 achillem
942 2690 995 2739 et
1017 2689 1331 2758 thelaphum
1358 2693 1499 2760 apud
1522 2714 1755 2749 messam

7 2753 18 2760 ”
97 2747 273 2814 gratia
313 2752 735 2817 quaerendorum
776 2759 1087 2814 victualium
1128 2764 1406 2818 advenisse
1447 2766 1552 2837 (De
1578 2771 1750 2838 grecis

95 2819 431 2875 mittentibus
457 2825 703 2881 achillem
728 2834 781 2883 et
810 2833 1151 2906 thelaphum)
1192 2838 1254 2890 cf.
1295 2839 1466 2892 Dares
1491 2860 1540 2910 p.
1567 2843 1652 2911 20,
1676 2845 1746 2896 27

93 2894 425 2962 „mittuntur
495 2899 730 2955 Achilles
805 2909 858 2958 et
920 2907 1186 2977 Telephus
1254 2913 1321 2965 ad
1389 2915 1752 2983 praedandam
