1956 3178
134 0 198 20 ''f-
251 0 281 10 ,Ὗ

14 0 179 141 μή·
249 21 257 26 Z

0 56 16 64 ‚1

0 182 2 192 1
72 188 74 192 v

0 193 2 205 Ι

38 254 46 266 ”
99 253 180 310 Co
270 252 383 307 hon
408 252 474 306 ab
500 252 805 322 IdomeneO,
843 253 911 306 ab
936 253 1101 306 Aiace
1139 251 1278 306 Oilei
1315 253 1553 307 Ilioneus
1592 271 1713 305 cum

0 348 5 355 ’
47 338 50 339 ’
98 323 255 378 Phie
227 341 388 377 nore
398 365 412 392 ,
461 324 695 392 itemque
741 293 975 376 Telestes
1024 342 1055 376 a
1101 322 1386 392 Diomede,
1436 325 1503 376 ab
1553 323 1712 376 Aiace

26 456 35 470 ὁ
101 394 273 448 altero
322 394 657 463 Antiphonus
703 395 924 464 Agavus
967 394 1226 463 Agathou
1274 398 1434 464 atque
1479 393 1713 448 Glaucus

47 518 58 530 Ι
99 467 157 518 et
192 461 259 517 ab
295 465 507 517 Achille
543 465 929 534 Asteropaeus:
968 482 1141 533 neque
1179 466 1327 533 prius
1364 465 1488 517 finis
1524 464 1714 532 factuS,

24 592 26 597 ,
102 553 263 616 quam
302 535 532 588 Graecos
570 536 730 588 saties
769 539 822 588 et
869 535 934 587 ad
980 539 1311 603 postremum
1348 535 1596 605 fatigatio
1635 536 1757 587 111-5

97 605 275 658 cessit.

243 675 390 729 VIII.
453 677 530 728 At
566 676 658 728 ubi
696 677 763 729 ab
791 677 988 729 nostris
1027 676 1085 728 in
1122 679 1294 729 castra
1324 695 1590 729 recessum
1618 679 1713 744 est,

44 795 50 798 ,
101 745 251 799 missi
287 746 354 798 ab
388 745 650 814 TroianiS,
690 747 782 815 qui
818 750 1067 815 peterent
1103 764 1288 799 eorum
1337 747 1429 815 qui
1477 747 1535 798 in
1572 747 1714 799 bello

98 815 404 869 ceciderant
451 816 709 869 humandi
756 818 995 870 veniam:
1046 817 1298 870 collectos
1336 835 1461 870 suos
1488 818 1715 886 quisque

102 887 220 957 igni
266 890 507 939 cremant
553 891 606 939 et
652 905 800 940 more
837 888 1012 956 patrio
1052 888 1321 956 sepeliunt
1369 906 1607 941 seorsum
1646 888 1714 939 ab
1740 904 1779 936 10

99 958 293 1011 ceteris
331 962 563 1010 cremato
590 957 895 1026 Memnone,
935 961 1084 1010 cuius
1121 958 1374 1027 reliquias
1400 976 1567 1011 urnae
1593 976 1718 1011 con-

35 1082 44 1087 ,
104 1027 244 1081 ditas
268 1046 365 1096 per
388 1028 716 1081 necessarios
742 1029 883 1099 regis
909 1029 1159 1081 remisere
1185 1030 1244 1080 in
1268 1030 1503 1097 patrium
1529 1028 1717 1082 solum.

105 1101 164 1151 at
201 1097 391 1151 Graeci
428 1099 635 1151 lautum
682 1099 819 1151 bene
866 1100 1090 1152 cadaver
1126 1099 1407 1152 Antilochi
1456 1100 1716 1167 iustisque

104 1168 260 1221 factis
296 1167 515 1222 Nestori
561 1169 783 1222 tradunt
828 1187 1054 1238 eumque
1101 1173 1282 1238 orant,
1332 1170 1498 1222 ferret
1534 1170 1713 1222 animo

100 1256 276 1308 aequo
313 1238 563 1292 fortunae
598 1239 832 1308 bellique
870 1239 1106 1293 adversa.
1169 1241 1246 1293 ita
1282 1241 1350 1293 ad
1384 1244 1716 1309 postremum
1741 1256 1781 1290 15

100 1327 332 1378 ⁴corpora
367 1328 463 1362 sua
501 1310 724 1378 quisque
757 1313 1010 1363 curantes
1047 1310 1175 1364 vino
1214 1314 1374 1379 atque
1413 1311 1584 1379 epulis
1622 1329 1719 1380 per

104 1380 328 1433 multam
365 1383 579 1433 noctem
615 1380 836 1434 Aiacem
883 1382 1147 1450 simulque
1182 1381 1435 1434 Achillen
1470 1381 1718 1434 laudibus

102 1450 378 1503 celebrant
414 1454 573 1519 atque
613 1450 679 1503 ad
718 1452 922 1504 caelum
959 1451 1158 1504 ferunt.
1223 1455 1279 1504 at
1316 1452 1458 1520 apud
1487 1451 1717 1518 Troiam,

105 1521 199 1574 ubi
245 1521 455 1590 requies
496 1521 750 1573 funerum
802 1525 906 1590 est,
966 1540 1079 1575 non
1125 1522 1233 1574 iam
1290 1522 1444 1575 dolor
1488 1523 1546 1574 in
1593 1540 1718 1574 casu

26 1623 30 1626 -
106 1590 411 1644 Memnonis
422 1634 436 1660 ,
487 1590 578 1644 sed
613 1594 787 1644 metus
835 1610 1073 1645 summae
1109 1610 1286 1645 rerum
1327 1596 1381 1646 et
1418 1592 1716 1660 desperatio
1741 1611 1783 1643 20

19 1681 40 1695 ν
107 1661 420 1730 incesserat,
469 1679 587 1714 cum
627 1661 754 1714 hinc
792 1660 1116 1731 Sarpedonis
1153 1663 1404 1716 interitus
1414 1705 1428 1731 ,
1476 1663 1601 1715 inde
1638 1681 1719 1715 se-

104 1734 231 1784 cuta
266 1732 427 1800 paulo
464 1735 589 1801 post
611 1732 861 1785 Hectoris
898 1733 1073 1786 clades
1111 1751 1231 1802 spes
1256 1734 1488 1802 reliquas
1527 1733 1719 1786 animis

22 1832 23 1835 =
107 1802 413 1855 abstulisset
448 1821 637 1872 neque,
677 1803 821 1871 quod
845 1808 1176 1872 postremum
1213 1804 1271 1856 in
1297 1804 1587 1857 Memnone
1612 1803 1720 1857 for-

105 1875 240 1925 tuna
287 1873 579 1941 obtulerat,
638 1874 905 1942 reliquum
963 1875 1070 1927 iam
1118 1874 1384 1927 existeret.
1474 1876 1552 1927 ita
1597 1892 1721 1927 con-

105 1942 395 1996 fluentibus
442 1944 501 1996 in
536 1962 705 1996 unum
749 1948 833 1997 tot
879 1945 1113 1997 adversis
1162 1963 1344 1998 curam
1382 1963 1596 1997 omnem
1635 1962 1719 1996 ex·
1742 1962 1784 1996 25

106 2013 362 2083 surgendi
399 2015 705 2068 omiserant.

248 2083 343 2137 IX.
404 2085 481 2137 At
517 2089 642 2152 post
664 2102 862 2153 paucos
901 2085 1011 2137 dies
1040 2085 1234 2138 Graeci
1272 2085 1521 2137 instructi
1559 2085 1721 2136 armis

109 2171 413 2222 processere
459 2155 518 2206 in
564 2172 812 2223 campum
860 2155 1204 2223 lacessenteS,
1250 2156 1294 2207 si
1332 2155 1616 2223 auderent,
1656 2154 1723 2206 ad

112 2223 421 2277 bellandum
457 2223 735 2278 Troianos
811 2226 929 2294 quis
967 2226 1074 2278 dux
1099 2225 1405 2278 Alexander
1443 2243 1564 2278 cum
1601 2197 1720 2277 ieli-

26 2359 35 2363 ‚>
110 2294 231 2362 quis
255 2293 510 2347 fratribus
536 2295 763 2348 militem
789 2295 999 2349 ordinat
1025 2300 1186 2365 atque
1212 2296 1495 2349 adversum
1524 2295 1717 2364 pergit
1742 2314 1784 2347 30

542 129 729 172 BELLI
759 128 1015 171 TROIANI
1043 129 1160 174 LlB.
1191 129 1270 173 IV.
1645 127 1712 180 75

223 2451 304 2494 IX.
336 2450 496 2496 Malal,
531 2452 612 2492 164
644 2451 837 2493 Cedren.
871 2454 908 2494 P
942 2455 1037 2494 129.

227 2580 248 2618 1
282 2578 536 2630 chorythan
574 2577 633 2619 ad
664 2577 907 2620 idomenea
942 2579 1019 2620 GB
1058 2593 1170 2622 corr.
1205 2580 1245 2618 P
1366 2580 1391 2618 2
1430 2578 1638 2629 thyestes
1679 2580 1726 2618 et

24 2641 29 2657 ¹
110 2635 274 2674 addunt
304 2634 403 2674 libri
439 2640 537 2675 ante
569 2634 801 2686 Telestes,
841 2637 1055 2688 expunxit
1087 2635 1352 2676 Dedericlms
1483 2636 1508 2675 3
1541 2634 1724 2686 antipus

25 2708 34 2745 3,
113 2689 212 2730 libri
240 2702 353 2731 corr.
385 2691 649 2732 Dedericlzus
755 2693 782 2731 4
813 2695 1084 2744 asteropeus
1120 2692 1154 2732 G
1261 2692 1287 2732 5
1319 2690 1377 2731 ad
1410 2703 1489 2732 om.
1525 2694 1559 2734 G
1675 2690 1725 2730 19

25 2736 37 2777 1⁸
118 2757 299 2786 cassum
332 2745 367 2787 G
425 2759 537 2787 casu
566 2747 609 2787 B
723 2749 778 2788 20
816 2760 965 2788 rerum
1007 2752 1052 2787 et
1092 2748 1190 2796 PV,
1239 2752 1286 2788 et
1333 2760 1412 2790 om.
1459 2747 1558 2792 ΕΒ,
1591 2748 1727 2786 malim

24 2794 36 2821 '·
113 2805 262 2842 metus
296 2805 342 2842 et
373 2815 407 2842 s.
441 2816 474 2843 r.
505 2802 546 2843 d.
650 2805 702 2844 21
735 2803 946 2844 insecuta
968 2805 1002 2843 B
1106 2805 1160 2844 23
1193 2803 1313 2856 quod
1343 2816 1421 2844 om.
1448 2803 1526 2843 GB
1558 2803 1658 2843 add.
1689 2801 1732 2841 V

25 2895 33 2901 ,,
115 2861 256 2910 atque
279 2857 336 2898 ad
366 2862 644 2911 postremum
677 2859 716 2898 B
822 2862 878 2900 24
909 2859 1120 2900 relictum
1151 2860 1242 2899 iam
1277 2860 1477 2899 existere
1512 2859 1547 2899 G
1606 2870 1730 2898 rere-

27 2914 30 2917 *
110 2925 250 2965 -quum
281 2915 374 2954 iam
403 2914 469 2954 nil
500 2915 700 2956 existere
731 2914 773 2955 B
805 2922 992 2957 nostrum
1030 2916 1112 2956 VP
1224 2917 1277 2956 27
1311 2915 1411 2955 dies
1442 2928 1521 2958 om.
1556 2914 1605 2955 G.
