1956 3178
0 0 260 169 {ww-‘r'

744 154 1169 202 PRAEFATIO.
1687 179 1787 218 X1x

127 289 341 325 carmen
391 273 455 326 de
504 274 646 328 bello
700 274 934 329 Troiano
994 277 1134 330 circa
1183 296 1229 330 a.
1284 278 1427 333 1185
1478 282 1694 350 scripsit
1733 287 1786 337 et

123 343 390 399 Balduino
417 345 793 402 Cantuariensi
820 350 1221 421 archiepiscopo
1247 352 1526 407 dedicavit.
1588 355 1783 419 Quem-

124 419 412 473 admodum
458 439 569 474 non
609 422 912 492 defuerunt,
971 428 1032 477 ut
1079 445 1242 494 supra
1285 446 1337 496 p.
1377 427 1507 481 XVI
1553 448 1782 485 comme-

122 495 471 564 moravimus,
526 496 617 566 qui
669 496 812 549 hunc
867 515 984 550 esse
1036 500 1233 553 librum
1284 503 1669 574 existimarent,
1717 524 1781 559 ex

120 585 226 636 quo
265 572 449 621 noster
478 568 648 622 Dares
689 574 968 640 excerptus
1009 577 1171 641 esset,
1221 575 1299 627 ita
1339 577 1500 629 etiam
1540 579 1598 630 in
1638 597 1781 634 com-

117 641 361 708 pluribus
410 642 732 697 editionibus
744 643 785 715 ¹)
835 664 970 715 quae
1017 648 1075 699 in
1123 646 1416 702 Germania
1463 652 1781 720 prodierunt

118 712 367 768 Cornelio
416 714 617 786 Nepoti
669 718 761 787 qui
809 718 1064 772 Daretem
1113 720 1376 776 Graecum
1422 725 1480 776 in
1531 726 1776 797 linguam

114 786 891 861 Latinamvertisseferebatur,
909 795 1201 848 attributus
1224 800 1333 849 est:
1359 816 1519 868 quem
1537 818 1774 856 errorem

115 858 329 915 Samuel
353 862 663 917 Dresemius
695 866 754 918 in
794 866 1026 920 editione
1067 887 1164 922 sua
1204 867 1273 940 (a.
1309 871 1475 941 1620)
1516 875 1774 944 explosit:

114 936 205 1004 qui
243 954 355 989 non
403 939 577 990 solum
623 957 809 992 verum
861 945 1133 995 auctorem
1180 945 1433 1015 restituit,
1474 948 1566 1000 sed
1606 950 1771 1003 etiam

113 1026 146 1060 a
182 1010 427 1078 plurimis
467 1013 673 1065 mendis
713 1014 974 1068 liberavit.
1013 1016 1274 1087 Iosephus
1311 1020 1480 1089 igitur
1505 1039 1627 1075 eum
1653 1042 1775 1077 cum

110 1082 169 1134 in
231 1084 529 1138 ordinanda
594 1089 819 1140 materia
878 1093 1151 1143 auctorem
1216 1095 1477 1163 sequitur,
1541 1100 1602 1149 ut
1655 1099 1771 1167 ipse

112 1155 241 1209 dicit
278 1157 305 1208 I
346 1158 416 1211 25

220 1229 359 1284 Mira
383 1233 598 1302 quidem
623 1234 768 1287 dictu
795 1237 886 1289 sed
911 1255 1051 1307 vera,
1076 1239 1352 1309 advertite,
1391 1244 1651 1316 pandam3

218 1303 362 1358 Nam
410 1307 521 1358 vati
558 1306 795 1379 Phrygio
842 1309 1071 1364 Martem
1120 1315 1453 1369 certissimus
1493 1318 1655 1371 index

216 1377 493 1448 Explicuit
530 1399 783 1450 praesens
826 1386 1026 1454 oculus,
1068 1405 1226 1456 quem
1253 1389 1438 1443 fabula
1461 1394 1649 1446 nescit.

105 1453 221 1503 tum
262 1453 476 1523 singula
514 1456 678 1508 verba
724 1461 777 1509 61
814 1458 1038 1527 phrases
1078 1479 1142 1513 ex
1182 1480 1244 1515 eo
1272 1466 1516 1533 sumpsit.
1570 1466 1760 1538 Neque

102 1526 287 1578 tamen
324 1527 468 1580 hunc
508 1530 681 1581 solum
713 1535 838 1584 ante
865 1535 1046 1587 oculos
1079 1535 1286 1605 habuit,
1311 1539 1403 1590 sed
1428 1541 1599 1593 multa
1623 1562 1762 1612 quae

101 1598 191 1652 ille
232 1600 625 1670 simplicissime
663 1606 917 1675 narravit,
957 1608 1062 1660 alia
1087 1627 1150 1661 ex
1184 1611 1302 1664 aliis
1344 1612 1585 1668 fontibus
1626 1615 1762 1670 bene

103 1672 311 1743 adiecit,
351 1675 456 1727 alia
483 1695 619 1746 quae
642 1682 832 1747 poetae
861 1680 1122 1752 refragari
1145 1684 1479 1756 videbantur,
1519 1692 1580 1741 ut
1619 1694 1763 1744 cata-

98 1746 284 1816 logum
330 1749 550 1802 navium
595 1755 977 1824 praetermisit,
1025 1775 1353 1828 quamquam
1406 1780 1761 1830 personarum

98 1819 511 1890 descriptionem
552 1825 714 1879 addit.
760 1827 827 1879 In
866 1830 1188 1897 quibusdam
1230 1835 1470 1903 sequitur
1511 1836 1760 1892 Ovidium

10 1886 14 1889 ¹
96 1893 148 1961 (I
190 1896 295 1948 174
328 1914 471 1966 seqq.
513 1898 579 1951 cf.
618 1899 836 1953 Metam.
863 1901 982 1970 VII,
1022 1904 1102 1957 VI
1128 1907 1238 1958 370
1271 1908 1335 1960 cf.
1382 1908 1600 1964 Metam.
1624 1912 1761 1966 XIII

95 1968 206 2021 476
246 1969 428 2040 361111),
491 1970 722 2026 Statium
774 1973 824 2045 (I
868 1977 988 2045 166,
1048 1979 1152 2031 199
1195 1998 1339 2050 seqq.
1381 1983 1445 2035 cf.
1507 1983 1672 2039 Theb.
1706 1986 1760 2040 V

94 2040 204 2095 513
244 2061 402 2113 361111,
441 2044 520 2097 VI
558 2046 666 2099 483
708 2048 772 2100 cf.
806 2049 1000 2103 Achill.
1026 2050 1080 2103 II
1106 2053 1139 2105 3
1166 2054 1351 2126 seqq),
1376 2057 1434 2108 in
1458 2058 1564 2111 fine
1590 2061 1754 2114 etiam

93 2113 293 2184 Dictyn
333 2117 435 2185 (VI
479 2119 585 2171 879
628 2139 771 2190 seqq.
827 2123 890 2175 cf.
942 2123 1081 2178 Dict.
1120 2126 1199 2179 VI
1243 2131 1268 2180 1
1324 2131 1492 2201 seqq.)
1546 2134 1646 2203 vel,
1699 2136 1755 2188 id

94 2190 236 2257 quod
283 2191 415 2243 mihi
464 2194 637 2263 magis
684 2197 966 2266 probatur,
1019 2201 1290 2268 epitomen
1339 2206 1552 2274 qualem
1593 2227 1758 2278 supra

91 2281 143 2331 p.
189 2262 296 2315 VII
354 2270 790 2338 commemoravi,
851 2289 979 2324 nam
1040 2276 1243 2342 pariter
1317 2282 1478 2348 atque
1540 2282 1598 2332 in
1659 2283 1753 2336 illa

94 2335 296 2389 factum
323 2342 405 2391 631
427 2343 586 2408 poeta
610 2360 672 2394 ea
696 2362 831 2412 quae
847 2341 927 2397 VI
950 2347 1135 2402 4—15
1161 2352 1507 2406 continentur
1533 2356 1752 2410 omittit.

88 2407 216 2463 Non
255 2412 460 2466 minore
499 2414 745 2468 libertate
786 2437 947 2487 quam
970 2419 1142 2476 Dares
1177 2424 1235 2476 in
1274 2427 1587 2481 nominibus
1627 2449 1750 2498 pro-

90 2484 220 2552 priis
277 2487 467 2556 utitur,
522 2507 632 2542 non
687 2509 808 2544 raro
865 2494 1028 2547 etiam
1083 2515 1146 2549 ea
1199 2498 1378 2569 finxit,
1432 2505 1492 2553 ut
1538 2502 1590 2555 V
1638 2505 1747 2558 246

87 2556 525 2626 Hyphitonenses
550 2562 628 2616 VI
653 2565 760 2618 239
785 2564 992 2635 Lybida
1036 2571 1141 2623 241
1184 2572 1378 2625 Α611011
1419 2574 1526 2628 242
1568 2576 1746 2646 Thyo-

89 2630 274 2685 damas
314 2637 411 2687 etc.
450 2639 547 2689 etc.
587 2638 694 2690 alia
731 2639 808 2692 ita
846 2644 1089 2713 mutavit,
1134 2648 1192 2697 ut
1231 2646 1391 2715 plane
1430 2654 1744 2720 recognosci

211 2823 241 2877 1)
274 2822 405 2868 Libri
435 2839 577 2870 manu
610 2827 772 2886 scripti
798 2833 903 2888 pari
927 2833 1066 2878 modo
1090 2834 1306 2894 inscripti
1330 2837 1472 2884 fuisse
1497 2840 1731 2887 videntur:

84 2878 248 2924 Leodii
279 2884 349 2927 est
381 2884 525 2929 codex
557 2885 743 2932 Daretis
774 2888 969 2949 Phrygii
1001 2893 1058 2937 de
1089 2894 1214 2939 bello
1243 2896 1443 2942 Troiano
1471 2899 1581 2944 libri
1607 2915 1686 2945 sex
1711 2916 1740 2946 a

85 2937 300 2986 Cornelio
316 2941 499 2999 Nepote
524 2944 573 2988 in
588 2946 788 2991 latinum
807 2963 1067 2996 sermonem
1092 2955 1304 3000 conversi
1321 2957 1378 3002 cf.
1400 2957 1556 3016 Sei-ap.
1575 2959 1617 3004 V
1636 2965 1736 3006 208.

1416 3048 1468 3080 b*
