1956 3178
234 84 303 138 96
746 84 965 130 DIOTYs
997 85 1333 129 ORETENsls
1884 0 1956 148 3

236 229 399 282 quare
445 227 643 280 magna
687 211 767 263 vis
814 211 1096 264 hominum
1150 213 1320 280 portis
1368 229 1580 282 egressa
1637 231 1845 266 summa

234 283 441 335 laetitia
479 282 846 350 sacrificioque
885 283 1082 334 donum
1121 284 1321 352 excipit
1356 284 1684 353 attrahitque
1719 302 1843 354 pro-

235 354 356 422 pius
394 353 622 404 moenia.
687 352 778 404 sed
814 355 1099 421 postquam
1129 354 1499 423 magnitudine
1537 355 1712 423 operis
1749 355 1847 408 im-

235 423 407 492 pediri
431 440 527 491 per
551 425 733 491 portas
771 423 1072 492 ingressum
1098 424 1534 506 animadvertere,
1562 425 1847 478 consilium

195 514 215 546 5
238 493 680 547 destruendorum
743 493 968 563 desuper
1033 513 1307 548 murorum
1371 496 1611 565 capiunt,
1673 504 1848 564 neque

239 560 523 633 quisquam
559 582 709 616 secus
746 583 873 633 prae
910 565 1007 617 tali
1045 566 1221 618 studio
1249 565 1580 619 decernebat.
1654 566 1732 619 ita
1767 565 1848 620 in-

237 635 498 687 violatum
537 635 719 687 multis
768 636 1174 704 tempestatibus
1211 655 1487 690 murorum
1535 655 1668 705 opus
1704 635 1848 706 Nep-

237 706 490 774 tunique,
542 709 602 757 ut
646 705 1053 775 perhibebatur,
1082 711 1260 787 ‘atque
1299 708 1568 776 Apollinis
1615 707 1849 760 maxima

239 779 589 829 monumenta
624 777 774 828 nullo
812 777 1008 829 dilectu
1047 778 1244 830 civium
1269 778 1516 831 manibus
1552 778 1850 831 dissolvun-
1917 779 1922 784 ”

177 868 218 899 10
238 850 342 900 tur.
417 846 509 899 sed
554 850 839 915 postquam
889 848 1059 901 maior
1103 867 1226 916 pars
1274 849 1449 917 operis
1497 849 1609 901 eius
1647 848 1850 901 deiecta

240 921 335 986 est,
375 917 619 970 consulto
667 936 699 969 a
737 918 952 970 Graecis
990 919 1362 987 intercessum,
1410 919 1850 972 confirmantibus

240 1006 352 1041 non
391 1006 445 1040 se
482 1006 732 1056 passuros
781 989 925 1041 intra
961 990 1174 1042 moenia
1211 989 1391 1042 induci
1429 1008 1640 1058 equum,
1679 990 1849 1058 prius-

242 1077 402 1127 quam
449 1058 782 1126 praedictum
834 1060 950 1111 auri
1006 1063 1166 1137 atque
1216 1061 1426 1140 argenti
1474 1060 1684 1128 pondus
1740 1077 1851 1112 sus-

241 1129 496 1198 ceperint.
571 1130 648 1182 ita
684 1129 988 1182 intermisso
1040 1148 1198 1198 opere
1242 1131 1614 1199 semirutisque
1651 1129 1852 1183 moeni-

179 1219 220 1251 15
242 1202 340 1253 bus
395 1198 581 1252 Ulixes
628 1203 848 1252 cunctos
905 1200 1137 1253 civitatis
1193 1201 1455 1254 Troianae
1512 1201 1739 1254 artifices
1786 1200 1854 1252 ad

242 1270 552 1322 reficiendas
590 1289 752 1323 naves
791 1271 1055 1324 conducit.
1120 1272 1416 1339 composita
1442 1270 1564 1324 dein
1601 1271 1852 1324 universa

245 1341 426 1410 classe,
455 1341 547 1393 ubi
574 1344 766 1393 cuncta
790 1342 1008 1411 navigia
1037 1342 1299 1396 instructa
1337 1346 1391 1395 et
1413 1342 1711 1422 praemium
1736 1359 1853 1410 per-

246 1412 480 1464 solutum
519 1419 612 1480 est,
652 1412 840 1464 iubent
874 1413 1048 1464 nostri
1083 1430 1340 1493 peragere
1379 1413 1606 1481 incepta.
1669 1412 1850 1482 itaque
1922 1459 1925 1460 ⁷

245 1482 512 1534 destructa
557 1500 831 1534 murorum
882 1485 1032 1551 parte
1091 1501 1211 1535 cum
1259 1484 1377 1536 ioco
1415 1483 1738 1551 lasciviaque
1775 1482 1860 1534 in«

182 1572 223 1605 20
246 1553 439 1605 duxere
487 1571 682 1621 equum
719 1552 935 1605 feminis
981 1554 1122 1606 inter
1160 1572 1214 1606 se
1250 1557 1408 1622 atque
1446 1554 1574 1606 viris
1612 1553 1855 1606 certatim

245 1623 523 1675 adtrahere
560 1623 955 1675 festinantibus,

387 1693 507 1746 XII.
582 1693 807 1746 Interim
848 1693 1061 1762 Graeci,
1109 1695 1201 1746 ubi
1249 1698 1439 1747 cuncta
1486 1694 1712 1747 navibus
1758 1693 1854 1745 im—

245 1765 423 1833 posita
460 1767 599 1831 sunt,
639 1764 870 1816 incensis
897 1765 1137 1817 omnium
1161 1765 1519 1818 tabernaculis
1546 1764 1612 1817 ad
1638 1763 1857 1834 Sigeum

248 1835 515 1901 secedunt,
554 1834 734 1902 ibique
771 1837 985 1887 noctem
1034 1837 1398 1903 opperiuntur.
1472 1835 1625 1887 fessis
1668 1833 1856 1887 deinde

185 1924 227 1957 25
249 1905 418 1957 multo
457 1905 583 1957 vino
623 1908 782 1972 atque
821 1923 1008 1958 somno
1035 1906 1288 1986 barbaris7
1329 1923 1463 1974 quae
1499 1909 1724 1973 utraque
1761 1921 1859 1973 per

247 1976 509 2028 laetitiam
546 1976 989 2044 securitatemque
1035 1977 1180 2056 pacis
1218 1978 1641 2044 intervenerant,
1680 1974 1850 2027 multo

249 2046 464 2098 silentio
524 2045 591 2097 ad
646 2046 917 2099 civitatem
971 2047 1232 2116 navigant
1295 2049 1566 2099 servantes
1624 2045 1852 2126 signum,

250 2115 394 2185 quod
439 2116 556 2185 igni
604 2116 743 2168 elato
794 2115 964 2169 Sinon
1019 2091 1132 2169 6ᾶο
1132 2136 1247 2170 66111
1299 2136 1411 2170 rem
1467 2117 1604 2169 clam
1649 2115 1855 2184 positus

251 2187 538 2239 sustulerat
574 2204 804 2254 moxque
852 2205 1037 2240 omnes
1082 2191 1366 2256 postquam
1411 2188 1676 2240 intravere
1713 2203 1856 2238 moe-

188 2277 229 2309 30
251 2257 342 2309 nia
383 2256 579 2310 divisis
626 2256 767 2308 inter
813 2275 867 2309 se
907 2258 1135 2310 civitatis
1183 2258 1337 2327 10616,
1387 2259 1478 2310 ubi
1516 2257 1730 2327 signum
1768 2255 1857 2308 da-

249 2332 366 2380 tum
405 2330 498 2396 est,
537 2343 734 2396 magna
770 2327 824 2378 vi
860 2328 1074 2380 caedere
1115 2346 1219 2397 606,
1259 2347 1391 2397 quos
1428 2329 1539 2381 fors
1577 2327 1856 2394 obiecerat,

253 2401 412 2466 atque
452 2399 769 2466 optruncare
806 2398 1004 2465 passim
1042 2417 1137 2478 per
1162 2398 1348 2452 domos
1374 2402 1533 2467 atque
1571 2398 1699 2465 vias,
1737 2395 1857 2448 loca

253 2486 402 2520 sacra
438 2468 770 2536 profanaque
805 2471 866 2520 et
904 2469 948 2520 si
985 2469 1077 2537 qui
1114 2472 1507 2537 persenserant,
1546 2468 1858 2536 priusquam

254 2557 458 2590 armare
505 2557 559 2590 66
599 2541 692 2590 6111
728 2538 871 2590 61111(1
908 2557 1004 2606 pro
1044 2539 1215 2591 salute
1265 2556 1450 2607 capere
1489 2538 1725 2606 quirent,
1767 2554 1856 2604 op-

191 2628 233 2661 35
253 2609 507 2677 primere:
554 2627 768 2676 prorsus
814 2608 964 2661 nulla
1007 2612 1217 2677 requies
1265 2609 1458 2679 stragis
1506 2611 1664 2677 atque
1706 2606 1858 2659 fune-

254 2697 389 2748 rum,
429 2697 548 2731 cum
585 2679 762 2747 palam
801 2682 854 2732 et
889 2679 946 2730 in
985 2697 1074 2731 ore
1113 2697 1330 2732 suorum
1376 2679 1531 2731 liberi
1586 2679 1855 2746 parentes-

370 2880 395 2919 9
426 2877 568 2919 multo
603 2877 680 2918 GB
740 2878 866 2918 nullo
900 2879 948 2918 P.
