1956 3178
261 110 326 164 18
766 112 986 156 DICTYS
1017 113 1352 157 CRETENSIS

259 238 371 290 eius
419 237 559 290 filiae
614 238 931 307 praebuere,
988 256 1123 307 quae
1182 242 1508 309 oenotropae
1554 244 1608 294 et
1654 240 1867 295 divinae

256 308 533 378 religionis
589 308 864 361 antestites
920 310 1369 374 memorabantur.
1452 310 1557 364 hoc
1602 311 1762 365 modo
1801 329 1867 365 ex

256 378 451 432 Aulide
488 379 801 449 navigatum
839 382 932 432 est.

667 593 927 654 LIBER
973 592 1445 656 SECUNDUS.

396 731 437 784 I.
513 731 806 800 Postquam
859 732 926 784 ad
971 731 1278 785 Moesorum
1331 733 1606 802 regionem
1652 733 1866 785 univer-

213 819 233 851 5
256 820 339 854 sas
396 803 588 855 classes
645 802 791 854 venti
849 803 1128 872 appulere,
1182 821 1408 872 propere
1466 821 1651 856 omnes
1707 803 1862 884 signo

257 873 380 925 dato
423 890 588 925 naves
641 873 788 925 litori
836 873 1137 926 admovent.
1231 874 1355 925 dein
1421 872 1602 943 egredi
1649 891 1865 942 611111611-

255 944 398 995 tibus
445 961 476 995 a
522 943 827 995 custodibus
875 943 982 996 loci
1029 945 1141 996 eius
1188 943 1401 997 obviam
1444 944 1579 996 itum
1617 947 1722 996 est:
1774 961 1864 997 eos

254 1031 485 1082 namque
523 1013 815 1081 TelephUS,
856 1015 949 1082 qui
983 1018 1099 1066 tum
1136 1013 1370 1067 Moesiae
1407 1014 1699 1082 imperator
1735 1017 1864 1083 erat,

256 1102 361 1152 quo
389 1084 563 1136 omnis
598 1084 748 1153 regio
776 1084 842 1135 ab
880 1085 1184 1137 incursione
1210 1084 1600 1137 maritimorum
1624 1083 1864 1138 hostium

191 1171 232 1202 10
256 1154 645 1221 defensaretur,
694 1154 840 1206 litori
886 1154 1227 1222 praefecerat.
1311 1155 1476 1224 igitur
1523 1155 1615 1206 ubi
1653 1153 1867 1207 descen-

256 1225 377 1277 dere
429 1224 785 1293 prohibentur
843 1242 1016 1293 neque
1077 1225 1225 1293 prius
1278 1225 1607 1293 permittitur
1665 1228 1863 1277 terram

256 1295 590 1365 contingere,
640 1312 800 1362 quam
845 1296 960 1365 regi
1010 1296 1229 1363 quinam
1285 1298 1462 1347 essent
1506 1295 1862 1363 nuntiaretur,

254 1365 428 1418 nostri
474 1365 648 1433 primo
697 1382 831 1432 quae
882 1364 1195 1418 dicebantur
1242 1366 1527 1435 neglegere
1575 1369 1630 1417 et
1666 1365 1866 1435 singuli

254 1436 482 1488 navibus
530 1434 733 1504 egredi,
790 1435 913 1487 dein
958 1439 1243 1504 postquam
1289 1454 1320 1488 a
1367 1435 1673 1487 custodibus
1725 1435 1865 1488 nihil

191 1520 231 1552 15
254 1506 624 1558 remittebatur
672 1508 725 1556 et
771 1523 976 1558 summa
1029 1506 1083 1557 vi
1120 1506 1295 1558 resisti
1344 1509 1397 1557 et
1432 1505 1707 1573 prohiberi
1745 1523 1861 1558 coe-

253 1580 422 1644 ptum,
462 1575 620 1627 duces
651 1593 836 1628 omnes
873 1576 1125 1628 iniuriam
1150 1594 1312 1628 manu
1349 1575 1724 1628 vindicandam
1760 1575 1865 1628 rati

255 1646 480 1714 arreptis
517 1646 677 1697 armis
715 1646 932 1698 evolant
966 1646 1192 1698 navibus
1229 1646 1539 1714 incensique
1576 1646 1656 1698 ira
1691 1649 1864 1699 custo-

255 1717 344 1769 des
383 1715 602 1768 caedere
637 1733 812 1784 neque
849 1717 1014 1768 versis
1051 1716 1135 1767 his
1172 1720 1330 1784 atque
1367 1717 1425 1768 in
1461 1716 1592 1786 fuga
1626 1733 1861 1785 parcere,

255 1786 346 1839 sed
366 1787 446 1838 uti
467 1786 690 1854 quisque
715 1785 1012 1855 fugientem
1033 1786 1505 1855 conprehenderat,
1526 1786 1861 1840 obtruncare.

191 1871 231 1903 20
395 1857 464 1908 II.
537 1856 761 1907 Interim
798 1858 863 1908 ad
889 1855 1184 1924 Telephum
1222 1857 1314 1925 qui
1350 1856 1510 1924 primi
1547 1855 1604 1907 fu
1645 1874 1677 1908 a
1703 1855 1864 1909 Grae—

255 1944 343 1979 cos
382 1930 659 1978 evaserant
692 1927 938 1979 veniunt:
978 1927 1204 1979 inruisse
1233 1927 1403 1978 multa
1438 1926 1586 1978 milia
1662 1926 1861 1979 ostium

255 2015 450 2065 eosque
485 1997 649 2049 caesis
698 1996 1006 2049 custodibus
1052 1997 1212 2050 litora
1259 2013 1541 2065 occupasse
1588 1999 1641 2048 et
1689 1996 1860 2049 multa

253 2070 526 2135 praeterea
563 2067 762 2135 singuli
800 2085 897 2135 pro
936 2070 1081 2119 metu
1130 2085 1225 2119 suo
1264 2066 1551 2119 adicientes
1587 2066 1858 2118 nuntiant.

257 2137 379 2189 dein
416 2155 472 2189 re
519 2137 738 2205 cognita
774 2136 1042 2204 Telephus
1091 2155 1211 2189 cum
1247 2137 1358 2204 his,
1398 2154 1531 2206 quos
1569 2137 1767 2188 circum
1805 2153 1861 2189 se

190 2220 232 2252 25
254 2207 507 2275 habebat,
564 2206 813 2275 aliisque,
862 2207 953 2274 qui
991 2209 1047 2258 in
1093 2225 1155 2259 ea
1199 2207 1543 2260 festinatione
1591 2207 1649 2258 in
1694 2223 1863 2260 unum

256 2277 479 2329 conduci
515 2279 761 2345 potuere,
808 2294 1032 2344 propere
1084 2277 1299 2329 Graecis
1348 2277 1559 2329 obviam
1605 2276 1755 2329 venit
1799 2292 1861 2329 ac

256 2348 435 2400 statim
495 2347 833 2399 condensatis
897 2347 1164 2415 utrimque
1228 2347 1497 2400 frontibus
1558 2347 1612 2398 vi
1665 2362 1864 2416 magna
1947 2354 1956 2419 J

255 2417 604 2470 concurritur.
690 2416 811 2468 dein
867 2417 947 2468 uti
1006 2418 1229 2485 quisque
1284 2417 1342 2469 in
1388 2434 1577 2469 manus
1622 2419 1857 2484 venerat,

253 2488 600 2555 interficitur,
650 2504 769 2540 cum
815 2487 1031 2538 interim
1076 2487 1160 2539 his
1208 2490 1301 2539 aut
1336 2487 1443 2539 illis
1480 2504 1544 2538 ex
1581 2503 1705 2538 casu
1741 2503 1861 2539 suo·
1951 2526 1956 2550 ·.

191 2573 232 2604 30
255 2575 375 2609 rum
411 2558 666 2625 perculsis
703 2557 1068 2609 vehementius
1113 2557 1343 2609 invicem
1380 2557 1682 2609 instaretur.
1757 2553 1862 2608 Sed
1943 2563 1956 2583 *³

255 2628 312 2679 in
351 2644 412 2679 ea
448 2644 632 2696 pugna
656 2626 1037 2695 ThessandrUS,
1077 2645 1234 2695 quem
1259 2626 1530 2695 Polynicis
1568 2643 1729 2694 supra
1753 2643 1861 2678 me·

370 2786 391 2822 1
425 2795 539 2836 quae
570 2784 618 2823 in
648 2786 838 2836 utropea
862 2782 940 2824 GB
981 2794 1096 2834 quae
1130 2786 1377 2835 oenotrope
1398 2783 1440 2823 P
1525 2783 1577 2823 17
1598 2781 1804 2835 abreptis
1825 2780 1862 2821 G

257 2839 308 2880 18
340 2838 500 2880 cedere
535 2837 612 2879 GB
724 2840 778 2881 20
808 2839 916 2892 fuge
951 2838 1022 2878 GB
1154 2840 1207 2879 ‘27
1241 2838 1487 2879 condensis
1518 2837 1630 2879 satis
1663 2837 1699 2878 G
1755 2849 1860 2877 con-

255 2895 459 2936 densatis
491 2896 608 2935 editt.
640 2900 743 2937 uett.
850 2897 904 2936 30
926 2893 1016 2936 Sed
1044 2895 1092 2934 in
1125 2907 1180 2934 ea
1210 2906 1363 2948 pugna
1395 2908 1470 2936 om.
1505 2895 1570 2937 ed.
1598 2894 1738 2946 princ.
