1956 3178
500 161 687 203 BELm
717 159 974 202 TROIANI
1006 159 1121 201 ΜΒ.
1155 160 1231 201 1v.
1603 156 1668 209 81

8 348 10 350 v
198 285 371 341 XVII.
433 285 622 356 Itaque
660 303 723 338 ex
760 302 945 338 eorum
970 284 1237 337 sententia
1261 283 1483 336 biduum
1509 283 1671 336 inter-

4 366 12 374 *
56 358 318 429 positum,
370 375 476 427 quo
524 359 795 410 transacto
834 373 1020 408 omnes
1069 355 1228 408 duces
1265 371 1524 424 regesque
1563 354 1671 407 suis

58 429 284 500 quisque
331 428 590 481 militibus
637 426 914 479 instructis
962 426 1253 478 exercitum
1302 425 1554 479 ordinant
1596 428 1672 478 at·

9 507 16 513 ²
61 518 164 570 que
202 499 269 553 ad
293 516 531 569 pugnam
557 497 774 551 vadunt.
827 497 884 548 in
921 496 1040 565 quis
1066 495 1455 565 Neoptolemus
1480 513 1673 565 regens

7 620 15 644 ·.
61 570 268 624 medios
306 570 505 623 circum
539 586 594 622 se
620 567 988 638 Myrmidonas
1027 567 1216 620 statuit
1249 571 1409 636 atque
1435 566 1671 635 Aiacem,
1696 582 1717 615 5

61 659 220 711 quem
278 639 569 692 adfinitatis
623 638 816 691 merito
872 639 1111 707 parentis
1172 638 1291 691 loco
1348 637 1672 706 percolebat.

60 711 275 765 interim
322 710 543 763 Troiani
591 710 938 763 vehementer
982 727 1203 777 pavere,
1253 708 1483 761 maxime
1531 708 1675 777 quod

60 781 172 836 suis
220 782 278 834 in
322 781 432 834 dies
481 780 849 833 deficientibus
899 780 1112 832 auxiliis
1171 797 1345 832 novus
1393 778 1675 832 adversum

60 871 117 906 se
171 852 324 905 miles
383 855 661 921 pararetur
716 869 837 903 cum
885 849 1232 903 memorando
1280 850 1437 903 duce:
1495 853 1677 902 tamen

9 979 32 994 -.
62 923 325 992 Eurypyli
370 922 591 975 hortatu
639 940 786 974 arma
834 922 1077 990 capiunt:
1127 921 1173 973 is
1220 939 1451 990 namque
1491 920 1677 973 adiun·
1702 936 1741 967 10

39 994 162 1048 ‘ctis
200 1011 378 1047 secum
415 993 615 1063 regulis
650 993 830 1062 copias
869 1010 989 1055 suas
1015 991 1264 1044 Troianis
1290 992 1483 1044 mixtas
1521 994 1680 1060 porta

65 1063 267 1118 educit:
315 1068 476 1133 atque
524 1064 602 1116 ita
649 1063 896 1116 ordinata
944 1063 1055 1116 acie
1093 1062 1327 1115 medium
1366 1080 1479 1115 sese
1518 1062 1676 1115 locat.

21 1139 178 1188 'tum
223 1135 455 1203 primum
501 1136 713 1187 Aeneas
769 1136 956 1203 parato
1016 1134 1306 1186 certamine
1365 1133 1509 1186 intra
1567 1152 1676 1185 mu-

65 1224 154 1259 ros
200 1208 382 1258 manet
429 1208 703 1258 execratus
742 1204 940 1274 quippe
966 1194 1261 1257 Alexandri
1294 1204 1504 1256 facinus
1539 1221 1679 1256 com-

67 1277 289 1330 missum
326 1276 384 1328 in
421 1275 748 1344 Apollinem,
787 1275 937 1328 cuius
975 1293 1125 1327 sacra
1161 1275 1206 1327 is
1243 1275 1528 1343 praecipue
1566 1277 1680 1326 tue·
1704 1288 1744 1320 15

18 1375 19 1378 ¹
64 1347 238 1400 batur.
314 1346 405 1399 sed
442 1346 535 1398 ubi
573 1346 788 1416 signum
835 1345 1071 1397 bellandi
1117 1345 1299 1397 datum
1338 1348 1440 1414 est,
1489 1363 1681 1397 manus

28 1478 30 1482 v
65 1420 357 1471 conserunt
413 1434 609 1487 magna
655 1417 709 1469 vi
757 1416 1026 1485 utrimque
1074 1415 1405 1468 decertantes
1463 1415 1682 1469 cadunt-

19 1506 49 1553 ζ’,
106 1506 172 1541 ue
198 1487 432 1556 plurimi.
488 1488 706 1540 interim
730 1487 1038 1556 Eurypylus
1072 1487 1291 1540 obvium
1326 1486 1467 1539 forte
1492 1489 1682 1538 nactus

37 1558 74 1573 “’
118 1558 361 1611 eneleum
427 1558 713 1627 proturbat
768 1557 924 1610 hasta
979 1561 1139 1626 atque
1193 1557 1462 1610 interficit.
1556 1556 1680 1609 inde

67 1629 238 1682 multo
286 1629 496 1682 saevior
542 1627 708 1681 Nirea
766 1646 1048 1698 aggressus
1096 1646 1326 1696 moxque
1380 1630 1680 1696 optruncat.
1705 1642 1747 1674 20

71 1700 284 1780 iamque
324 1699 615 1752 deturbatis
691 1699 746 1751 ui
783 1699 841 1751 in
879 1699 990 1751 acie
1029 1701 1314 1766 steterant,
1354 1698 1558 1751 medios
1596 1715 1686 1768 ag-

70 1769 435 1841 gred1ebatur:
475 1788 595 1823 cum
621 1718 1011 1838 §eoptolemus
1047 1787 1104 1821 re
1143 1770 1361 1840 cognita
1386 1769 1686 1822 comminus

71 1840 289 1894 advolat
332 1841 700 1910 deiectumque
739 1858 896 1892 curru
939 1840 1152 1893 hostem
1190 1844 1244 1893 et
1280 1840 1394 1909 ipse
1435 1839 1686 1892 desiliens

33 1935 34 1938 ¹
71 1911 256 2034 gladio
303 1911 516 1981 inpigre
565 1911 832 1964 interficit.
910 1915 1024 1963 tum
1064 1911 1302 1963 ablatum
1339 1928 1565 1979 propere
1605 1928 1686 1962 ca-

109 2000 234 2035 aver
281 1985 440 2051 atque
498 1982 566 2034 ad
610 2000 775 2034 naves
828 1982 973 2034 iussu
1023 1981 1135 2033 eius
1183 1980 1464 2049 perlatum.
1542 1980 1685 2049 quod
1708 1995 1750 2027 25

72 2052 165 2105 ubi
213 2052 634 2106 animadvertere
691 2052 929 2120 barbari,
988 2051 1181 2119 quibus
1229 2069 1348 2119 spes
1398 2051 1572 2104 omnis
1628 2051 1687 2103 in

3 2172 6 2174 .
71 2121 347 2192 Eurypylo
386 2123 585 2191 fuerat,
627 2123 740 2175 sine
780 2125 924 2174 certo
960 2122 1146 2175 ordine
1185 2124 1278 2174 aut
1313 2124 1518 2174 rectore
1556 2121 1688 2192 fuga

42 2193 338 2263 proelium
385 2193 638 2246 deserunt
682 2196 842 2261 atque
900 2193 965 2244 ad
1026 2210 1206 2245 muros
1252 2192 1521 2261 revolant,
1571 2196 1686 2245 tum

73 2263 292 2333 plurimi
330 2281 511 2316 eorum
550 2264 608 2316 in
644 2263 775 2333 fuga
811 2263 1093 2316 interfecti.
1550 2313 1554 2317 .

215 2333 418 2387 XVIII.
480 2334 655 2404 Igitur
691 2337 976 2403 postquam
1000 2334 1135 2386 fusis
1161 2333 1404 2385 hostibus
1430 2333 1497 2385 ad
1522 2350 1686 2385 naves
1710 2346 1753 2379 30

75 2407 340 2458 revertere
382 2404 595 2472 Graeci,
636 2423 699 2457 ex
738 2405 949 2457 consilii
987 2404 1255 2457 sententia
1279 2403 1542 2472 Eurypyli
1581 2420 1689 2455 cre-

44 2478 222 2547 ·mata
258 2493 378 2528 ossa
415 2479 574 2544 atque
610 2493 776 2527 urnae
815 2475 1031 2528 condita
1066 2475 1208 2543 patri
1245 2474 1552 2542 remittunt,
1594 2474 1690 2526 sci·

6 2587 11 2590 .
49 2545 204 2599 :licet
238 2564 500 2599 memores
526 2546 907 2599 beneficiorum
938 2550 1098 2614 atque
1125 2545 1405 2598 amicitiae.
1471 2545 1690 2597 cremati

49 2616 238 2692 4etiam
275 2634 371 2684 per
407 2635 530 2670 suos
567 2616 764 2670 Nireus
804 2620 962 2686 atque
991 2616 1269 2683 PeneleuS‚
1308 2633 1547 2668 seorsum
1586 2616 1691 2667 sin-

192 2845 215 2884 7
247 2856 415 2897 pauere
436 2844 645 2886 —miles
681 2859 758 2886 om.
804 2845 881 2885 GB
916 2845 1098 2898 praebet
1130 2844 1174 2883 V
1286 2845 1338 2885 10
1373 2844 1415 2885 is
1450 2844 1572 2884 addit
1607 2842 1698 2883 PV

22 2912 24 2914 ’
81 2899 145 2941 13
166 2903 411 2953 aspernato
450 2901 532 2941 VP
623 2903 674 2942 15
706 2901 909 2954 apolline
943 2900 1020 2941 GB
1051 2913 1166 2945 corr.
1207 2901 1288 2940 VP
1315 2900 1373 2951 cf.
1408 2913 1451 2953 p.
1478 2901 1547 2952 92,
1581 2899 1635 2939 28

19 2975 25 2979 ·
79 2956 136 2998 20
159 2968 300 2997 nerea
325 2956 403 2997 GB
433 2956 570 2999 Nirea
593 2959 634 2998 P
716 2959 767 2998 21
792 2957 1185 3010 aggrediebantur
1209 2956 1244 2998 G
1330 2958 1383 2998 34
1405 2968 1571 2997 nereus
1599 2955 1692 2999 ΘΒ.

164 3031 316 3066 Βῐοτγε.
1413 3035 1438 3074 6
