1956 3178
241 166 311 219 52
380 167 644 213 DARETIS
667 167 924 212 PHRYGII
946 168 1025 212 DE
1049 167 1298 213 EXCIDIO
1323 168 1550 214 TROIAE
1584 169 1740 215 HIST.

239 287 430 340 macha
467 286 716 340 Hectoris
754 287 937 340 fratris
976 305 1139 340 uxore
1179 292 1232 341 et
1262 287 1485 342 Hecuba
1523 294 1693 343 matre
1718 290 1880 344 Cher-

238 378 530 414 ronensum
568 362 717 430 petit.

386 433 579 495 XLIV.
654 433 930 488 Hactenus
969 433 1139 488 Dares
1178 435 1444 506 Phrygius
1483 437 1759 491 mandavit
1795 438 1882 491 lit-

239 507 391 577 teris,
429 526 557 560 nam
592 509 638 561 is
674 509 872 561 ibidem
912 528 1033 562 cum
1071 509 1363 563 Antenoris
1402 511 1634 564 factione
1672 529 1879 564 reman-

195 597 216 628 5
242 583 325 634 sit.
401 586 701 652 pugnatum
741 586 823 636 est
855 584 1010 636 annis
1043 583 1222 636 decem
1255 585 1528 637 mensibus
1565 603 1656 637 sex
1695 586 1880 638 diebus

239 655 517 708 duodecim
542 656 610 708 ad
633 657 864 710 Troiam.
941 660 1164 709 ruerunt
1201 675 1266 709 ex
1302 658 1542 727 Argivis,
1588 659 1725 712 sicut
1762 662 1882 712 acta

239 730 429 782 diurna
487 730 729 782 indicant
797 749 932 800 quae
994 729 1165 783 Dares
1232 732 1536 800 descripsit,
1600 732 1880 786 hominum

237 804 388 856 milia
433 802 907 858 DCCCLXXXVI
954 808 1008 856 et
1053 823 1116 856 ex
1154 805 1401 857 Troianis
1446 809 1669 858 ruerunt
1712 824 1880 876 usque

239 877 306 929 ad
363 878 618 946 oppidum
672 879 943 947 proditum
1004 879 1285 931 hominum
1339 879 1488 931 milia
1539 877 1881 933 DOLXXVI.

174 965 216 996 10
239 951 451 1003 Aeneas
496 952 724 1004 navibus
771 953 1041 1020 profectus
1089 956 1192 1021 est,
1237 953 1295 1012 in
1342 953 1534 1022 quibus
1578 953 1883 1006 Alexander

237 1026 295 1077 in
349 1024 628 1077 Graeciam
684 1026 840 1094 ierat,
901 1043 1125 1078 numero
1189 1026 1383 1095 viginti
1439 1026 1667 1079 duabus:
1722 1044 1882 1096 quem

239 1099 414 1151 omnis
462 1102 608 1151 aetas
654 1099 935 1151 hominum
982 1102 1163 1151 secuta
1209 1102 1291 1151 est
1336 1099 1394 1151 in
1447 1099 1663 1152 milibus
1708 1100 1881 1154 tribus

238 1176 292 1224 et
338 1173 760 1242 quadringentis.
836 1173 1166 1225 Antenorem
1219 1173 1386 1225 secuti
1426 1176 1553 1225 sunt
1590 1173 1694 1226 duo
1733 1174 1882 1226 milia

238 1246 543 1315 quingenti,
581 1245 850 1299 Helenum
897 1250 951 1298 et
988 1246 1423 1299 Andromacham
1462 1247 1606 1300 mille
1651 1247 1879 1300 ducenti.

366 1428 385 1465 1
421 1423 753 1466 chersunesum
792 1421 834 1466 G
904 1421 1249 1466 chaeronenson
1287 1421 1331 1464 L
1450 1426 1477 1465 2
1515 1421 1654 1478 petiit
1691 1421 1735 1466 G
1853 1427 1879 1465 3

242 1481 436 1525 actenus
482 1481 524 1524 G
563 1484 568 1535 Ι
608 1481 699 1525 litt.
743 1480 897 1524 mand.
930 1480 973 1524 G
1103 1486 1131 1524 4
1163 1481 1313 1538 grecis
1352 1481 1456 1524 add.
1490 1480 1541 1523 F
1656 1485 1683 1524 5
1721 1481 1883 1526 decem

241 1541 290 1583 et
318 1540 363 1582 L
397 1542 402 1595 l
436 1539 525 1583 VII
558 1539 601 1583 G
730 1546 756 1584 6
796 1540 902 1583 acta
938 1542 986 1583 et
1016 1539 1060 1583 d.
1092 1539 1135 1582 L
1265 1545 1288 1583 7
1329 1539 1508 1583 dimisit
1545 1539 1810 1598 conscripta
1838 1539 1882 1582 L
1908 1566 1910 1569 .

240 1598 512 1655 perscripsit
557 1598 601 1643 G
732 1604 759 1644 8
801 1597 1195 1642 DCCGLXXXVI
1235 1598 1283 1642 h.
1329 1613 1389 1642 m.
1435 1599 1535 1653 (om.
1575 1599 1639 1654 et)
1675 1597 1720 1642 G
1853 1604 1879 1643 9

241 1657 480 1714 perierunt
519 1671 575 1702 ex
614 1657 809 1702 troianis
841 1657 892 1701 F
923 1660 928 1714 1
963 1657 1148 1702 circiter
1178 1657 1451 1701 DCLXXVI
1480 1672 1541 1701 m.
1572 1657 1618 1700 h.
1651 1656 1694 1701 G
1824 1662 1881 1701 10

238 1718 290 1760 in
321 1729 404 1760 om.
438 1716 481 1760 G
603 1722 656 1760 11
688 1716 827 1773 ierat]
862 1716 1172 1773 nauigauerat
1203 1716 1246 1760 G
1273 1717 1278 1773 Ι
1305 1716 1518 1773 numero]
1543 1730 1647 1760 cum
1680 1715 1880 1760 nauibus

239 1775 283 1818 L
309 1776 315 1830 Ι
342 1775 515 1832 uiginti
548 1775 729 1820 duabus
775 1774 843 1819 CC
867 1775 912 1818 L
940 1778 1004 1831 {q
1007 1789 1114 1819 uem
1146 1775 1362 1820 omnibus
1389 1775 1475 1819 has
1507 1774 1690 1819 circiter
1721 1775 1883 1818 secuta

241 1835 350 1878 sunt
391 1834 484 1878 tria
521 1834 654 1878 milia
692 1834 724 1878 C
764 1833 834 1878 CC
874 1834 1118 1878 hominum
1156 1836 1428 1925 antenoreim
1467 1834 1626 1878 secuta
1661 1832 1705 1876 G
1826 1838 1879 1876 13

241 1937 333 1981 duo
365 1937 515 1994 milia]
542 1937 626 1980 IID
659 1936 703 1981 G
826 1942 880 1980 14
912 1937 1041 1981 mille
1073 1936 1280 1993 ducenti]
1306 1936 1398 1980 ICC
1431 1936 1486 1980 G.

358 1996 537 2052 hucusq
540 2010 596 2039 ue
649 1995 846 2040 historia
906 1996 1080 2040 daretis
1127 1995 1385 2052 perscripta
1414 1988 1518 2039 fuit.
1609 1993 1878 2038 EXPLICIT

239 2011 626 2099 DESTRUCqTIO
661 2053 889 2098 TROIAE
922 2054 978 2099 G.
