1956 3178
448 143 528 188 DE
563 142 812 188 EXClDlO
847 142 1072 188 TROIAE
1105 141 1406 188 HISTORIA.
1684 142 1757 195 25

109 269 243 334 tere,
290 265 394 318 nisi
434 265 622 318 obvius
669 265 747 317 illi
789 263 927 316 Aiax
967 264 1310 317 Telamonius
1353 262 1557 315 fuisset.
1635 281 1756 315 cum

110 357 216 409 quo
263 357 384 392 cum
430 338 863 409 congrederetur,
911 338 1165 408 cognovit
1213 355 1334 390 eum
1375 354 1490 389 esse
1530 336 1594 389 de
1636 355 1756 388 san—

110 413 271 482 guine
298 430 393 465 suo
403 454 417 482 ,
456 416 571 465 erat
599 412 741 465 enim
775 413 837 465 de
862 410 1103 465 Hesiona
1136 429 1316 464 sorore
1347 409 1549 464 Priami
1580 414 1757 464 natus,

110 505 215 556 quo
261 490 418 555 pacto
463 485 667 539 Hector
713 505 744 539 a
788 486 1014 538 navibus
1059 486 1241 555 ignem
1287 484 1547 538 removeri
1599 484 1758 537 iussit

109 564 162 612 et
200 560 412 630 utrique
453 578 508 613 se
547 561 776 614 invicem
815 562 1312 629 remuneraverunt,
1360 562 1415 611 et
1454 558 1612 611 amici
1651 558 1755 611 dis·
1780 571 1802 604 5

109 637 396 687 cesserunt.

258 707 376 760 XX.
452 706 676 760 Postera
726 707 810 760 die
866 707 1203 777 Graiugenae
1258 706 1496 759 indutias
1549 710 1759 775 petunt.

108 781 346 834 Achilles
385 779 693 834 Patroclum
731 782 966 851 plangit,
1013 779 1351 850 Graiugenae
1393 798 1532 834 suos,
1610 779 1757 851 Aga—

108 872 362 908 memnon
393 853 750 907 Protesilaum
786 855 1071 925 magnifico
1110 855 1296 907 funere
1337 854 1490 907 effert
1529 858 1755 907 ceteros-

109 946 210 998 que
250 928 581 997 sepeliendos
622 932 786 981 curat.
843 928 1082 981 Achilles
1123 927 1371 981 Patroclo
1411 928 1566 981 ludos
1605 928 1755 981 fune-
1781 942 1825 975 10

108 1003 229 1055 bres
260 1002 404 1055 facit.
461 1002 587 1054 dum
618 1002 857 1055 indutiae
892 1006 1039 1071 sunt,
1078 1001 1392 1055 Palamedes
1431 1020 1544 1055 non
1583 1007 1757 1055 cessat

110 1074 425 1128 seditionem
470 1076 667 1128 facere:
721 1076 1003 1146 indignum
1057 1093 1238 1146 regem
1285 1075 1755 1146 Agamemnonem

108 1167 247 1218 esse,
295 1150 386 1220 qui
432 1150 685 1202 exercitui
730 1150 1033 1219 imperaret.
1117 1150 1233 1219 ipse
1289 1168 1469 1203 coram
1520 1150 1755 1203 exercitu

108 1224 280 1276 multa
312 1241 409 1276 sua
433 1223 610 1276 studia
642 1224 902 1277 ostendit:
935 1225 1169 1292 primum
1201 1242 1354 1278 suam
1387 1224 1755 1278 excursionem

108 1300 406 1350 castrorum
451 1297 806 1350 munitionem
852 1298 1158 1368 vigiliarum
1205 1298 1571 1351 circuitionem
1612 1298 1755 1368 signi
1780 1311 1829 1344 15

109 1370 381 1424 dationem
429 1371 686 1423 librarum
733 1372 1135 1443 ponderumque
1182 1371 1570 1425 dimensionem
1610 1390 1755 1424 exer-

108 1444 350 1515 citusque
398 1444 824 1498 instructionem.
907 1446 1039 1499 haec
1078 1465 1198 1498 cum
1239 1464 1270 1498 a
1310 1463 1365 1499 se
1405 1450 1523 1499 orta
1562 1450 1757 1515 essent,

109 1536 220 1571 non
260 1536 488 1588 aequum
521 1537 657 1588 esse,
698 1537 818 1572 cum
858 1538 889 1572 a
926 1520 1110 1589 paucis
1150 1520 1434 1589 imperium
1466 1519 1755 1590 Agamem-

108 1592 240 1645 noni
287 1592 472 1645 datum
520 1593 612 1662 sit,
660 1611 781 1645 eum
821 1594 1069 1647 omnibus
1117 1594 1207 1663 qui
1250 1597 1440 1662 postea
1478 1594 1755 1647 convenis-

109 1669 229 1718 sent
273 1666 561 1736 imperare,
606 1668 922 1736 praesertim
962 1686 1081 1721 cum
1116 1686 1302 1721 omnes
1341 1667 1619 1738 ingenium
1651 1668 1754 1720 vir·
1778 1679 1827 1712 20²

109 1742 386 1810 tutemque
425 1744 826 1809 exspectassent
863 1742 920 1794 in
960 1742 1182 1795 ducibus
1217 1742 1340 1795 suis,
1403 1742 1530 1794 dum
1563 1741 1755 1795 Achivi

110 1813 172 1866 de
212 1814 437 1883 imperio
483 1814 624 1867 inter
663 1832 718 1868 se
759 1815 996 1869 vicissim
1044 1819 1275 1886 certant,
1320 1815 1585 1885 proelium
1630 1819 1757 1884 post

110 1886 387 1940 biennium
433 1889 718 1957 repetitum
759 1892 854 1942 est.
930 1890 1310 1960 Agamemnon
1349 1889 1588 1942 Achilles
1626 1888 1755 1942 Dio-

108 1961 287 2013 medes
335 1960 611 2015 Menelaus
660 1963 949 2016 exercitum
996 1964 1242 2016 educunt.
1320 1967 1508 2016 contra
1553 1962 1756 2016 Hector

109 2034 321 2089 Troilus
384 2034 596 2088 Aeneas
660 2041 958 2091 occurrunt.
1049 2038 1112 2091 fit
1165 2054 1364 2106 magna
1419 2037 1628 2106 caedes,
1690 2055 1755 2089 ex
1777 2052 1825 2086 25

107 2112 334 2177 utraque
402 2113 554 2178 parte
623 2109 903 2163 fortissimi
972 2111 1199 2164 cadunt:
1270 2110 1472 2164 Hector
1531 2110 1755 2164 Boetem

229 2347 250 2386 1
287 2342 363 2386 aix
401 2341 678 2388 telemonius
719 2343 762 2388 G
797 2346 802 2398 1
837 2343 1044 2389 uenisset
1085 2344 1129 2388 L
1234 2350 1275 2389 2
1309 2359 1412 2389 cum
1445 2358 1528 2390 om.
1560 2344 1605 2388 L
1727 2351 1754 2391 3

106 2402 244 2445 natus
287 2400 459 2458 priami
494 2401 537 2446 G
668 2407 696 2446 4
727 2402 860 2447 iubet
902 2402 945 2447 G
1077 2408 1103 2449 8
1147 2404 1543 2496 graiugenesquee
1563 2403 1606 2449 G
1727 2411 1756 2451 9

106 2503 370 2560 protelaum
404 2503 446 2548 G
576 2509 632 2550 10
662 2504 880 2550 funebres
916 2505 1051 2550 ludos
1084 2505 1126 2551 G
1259 2511 1309 2551 13
1341 2506 1547 2564 imperat
1575 2507 1620 2551 L
1658 2512 1755 2552 tum

107 2563 156 2606 et
178 2562 419 2608 indoctum
442 2563 487 2607 L
546 2563 736 2610 indocto
766 2563 808 2609 G
931 2569 986 2608 14
1010 2565 1306 2610 excurionem
1330 2565 1374 2609 L
1434 2566 1754 2612 excussionem

111 2619 175 2674 G,
207 2622 372 2678 scripsi
402 2621 720 2668 excursionem
845 2628 898 2668 15
930 2625 1208 2682 castrorum]
1236 2638 1367 2670 suam
1395 2623 1438 2668 L
1561 2631 1614 2670 17
1650 2628 1756 2671 orta.

106 2678 203 2723 LG
263 2681 370 2725 acta
408 2681 663 2727 Mercerius
787 2687 840 2727 18
881 2683 935 2727 ut
973 2696 1078 2727 cum
1110 2683 1205 2728 LG
1329 2689 1381 2728 19
1424 2683 1519 2728 dat.
1551 2685 1639 2742 Ag.
1671 2684 1749 2743 L!

108 2739 232 2783 esset
260 2738 356 2784 LG
416 2739 479 2785 sit
511 2741 575 2784 M
606 2743 612 2796 Ι
646 2740 885 2786 uenissent
917 2741 960 2785 G
1081 2747 1138 2786 20
1176 2741 1366 2799 ingenio
1398 2742 1442 2785 L
1469 2745 1475 2797 Ι
1502 2742 1754 2787 uirtutum-

107 2810 196 2853 que
222 2796 266 2841 G
386 2803 440 2842 22
465 2798 666 2843 inuicem
692 2802 930 2844 certantur
948 2799 990 2843 G
1111 2805 1167 2844 25
1193 2803 1454 2845 occurrunt.
1500 2801 1563 2846 Et
1580 2815 1755 2860 magna

105 2855 242 2958 {edes
266 2855 501 2958 utrimque
524 2857 653 2902 facta
677 2859 748 2902 est
778 2858 1019 2903 fortissimi
1049 2859 1224 2903 cadunt
1247 2859 1290 2904 G
1412 2865 1467 2904 26
1491 2860 1684 2905 Boetem
1710 2861 1753 2906 G

140 2927 194 2958 eo
218 2927 290 2958 em
369 2949 378 2959 .
