1956 3178
449 190 527 234 DE
562 187 809 235 EXCIDIO
847 189 1072 235 TROIAE
1106 189 1409 235 HISTORIA.
1689 186 1757 241 17

101 311 308 365 bonum
337 311 602 364 aduncum
635 311 802 364 oculis
833 310 1077 364 rotundis
1119 311 1536 380 superciliosum.
1599 309 1755 363 Pala-

101 386 314 439 medem
362 385 616 456 gracilem
655 385 878 455 longum
926 384 1224 454 sapientem
1275 385 1455 438 animo
1496 402 1754 455 magnum

101 459 377 512 blandum.
470 458 798 512 Podalirium
852 477 1089 512 crassum
1143 459 1409 512 valentem
1464 459 1754 528 superbum

103 533 329 586 tristem.
397 531 750 586 Machaonem
781 532 974 586 fortem
1006 550 1264 604 magnum
1296 536 1499 586 certum
1524 532 1754 602 pruden-

103 610 216 660 tem
262 607 557 676 patientem
595 606 1006 660 misericordem.
1082 606 1380 660 Merionem
1426 607 1606 660 rufum
1645 625 1752 660 me·
1778 620 1799 652 5

105 680 272 734 diocri
319 682 527 733 statura
576 698 796 750 corpore
843 681 1074 734 rotundo
1128 681 1386 734 viriosum
1424 681 1755 750 pertinacem

100 754 372 808 >crudelem
404 754 774 823 inpatientem.
840 753 1141 808 Briseidam
1173 755 1467 808 formosam
1499 773 1611 808 non
1644 755 1756 808 alta

102 831 313 881 statura
361 827 647 881 candidam
702 827 896 896 capillo
950 828 1088 882 flavo
1142 832 1196 881 et
1250 829 1401 882 molli
1434 829 1754 897 ‘superciliis

104 901 300 955 iunctis
332 901 499 955 oculis
535 901 775 954 venustis
816 919 1036 971 corpore
1081 901 1292 972 aequali
1331 903 1587 955 blandam
1627 902 1754 955 affa-

101 975 266 1028 bilem
305 975 659 1029 verecundam
698 975 879 1029 animo
920 976 1150 1046 simplici
1188 977 1348 1045 piam.
1781 990 1823 1022 10

251 1046 398 1103 XIV.
466 1047 673 1101 Deinde
714 1049 890 1102 ornati
921 1068 1041 1103 cum
1082 1051 1250 1103 classe
1283 1049 1472 1103 Graeci
1511 1049 1755 1103 Athenas

104 1125 493 1176 convenerunt:
550 1122 931 1192 Agamemnon
978 1142 1042 1177 ex
1080 1123 1321 1193 Mycenis
1368 1142 1489 1177 cum
1527 1124 1755 1178 navibus

104 1214 328 1249 numero
355 1194 419 1266 C,
458 1195 734 1249 Menelaus
775 1215 838 1249 ex
875 1195 1070 1267 Sparta
1103 1216 1224 1251 cum
1263 1198 1491 1250 navibus
1531 1216 1755 1251 numero

105 1269 224 1339 LX,
275 1268 572 1324 Arcesilaus
613 1273 667 1323 et
705 1270 1041 1325 Prothoenor
1080 1290 1144 1324 ex
1182 1270 1409 1325 Boeotia
1447 1290 1568 1325 cum
1607 1273 1755 1325 navi-

104 1343 206 1396 bus
252 1361 478 1397 numero
528 1343 594 1412 L,
640 1343 977 1414 Ascalaphus
1025 1349 1079 1398 et
1124 1345 1404 1399 Ialmenus
1451 1363 1516 1398 ex
1563 1345 1753 1400 Orcho·
1781 1359 1822 1391 15

102 1434 263 1471 meno
288 1435 409 1470 cum
433 1418 660 1471 navibus
684 1437 907 1472 numero
930 1419 1106 1489 XXX,
1130 1418 1494 1488 Epistrophus
1519 1422 1573 1472 et
1597 1418 1755 1473 Sche-

105 1491 224 1544 dius
250 1509 314 1544 ex
345 1491 576 1545 Phocide
606 1510 726 1545 cum
758 1493 984 1546 navibus
1016 1511 1240 1547 numero
1278 1493 1397 1562 XL,
1435 1493 1577 1546 Aiax
1603 1494 1757 1546 Tela·

106 1565 319 1619 monius
352 1583 416 1618 ex
449 1563 723 1619 Salamina
753 1566 972 1620 adduxit
1004 1585 1182 1620 secum
1222 1567 1485 1620 Teucrum
1520 1567 1757 1635 fratrem,

99 1655 166 1692 ex
188 1638 514 1707 Buprasione
529 1639 983 1710 Amphimachum
999 1640 1215 1695 Diorem
1232 1641 1518 1709 Thalpium
1535 1641 1756 1711 Polyxe-

226 1800 350 1845 XIV.
411 1800 574 1858 Dictys
607 1800 840 1846 Cretensis
873 1801 893 1845 Ι
930 1805 995 1845 17.

228 1954 250 1993 1
283 1948 479 2007 bonum]
520 1949 709 1994 toruum
759 1947 797 1991 O
833 1949 839 2003 Ι
873 1947 980 2003 fort.
1029 1948 1264 1993 aduncum
1303 1961 1416 1993 naso
1551 1953 1576 1993 3
1622 1948 1757 1993 Pola·

104 2006 291 2052 chrium
323 2007 367 2052 G
489 2002 521 2053 Τ
545 2006 842 2052 Bereseidam
882 2007 925 2052 G
985 2006 1255 2052 Breseidam
1294 2007 1338 2050 L
1470 2012 1497 2052 8
1538 2007 1671 2051 molli
1710 2011 1758 2052 et

105 2066 231 2111 flauo
274 2066 319 2111 G
451 2071 504 2110 11
549 2066 776 2111 classibus
824 2065 867 2111 G
903 2068 910 2120 Ι
949 2065 1117 2111 Graeci
1166 2067 1272 2111 add.
1317 2066 1362 2109 A
1402 2071 1509 2110 ante
1547 2067 1757 2111 Athenas

110 2129 165 2170 12
196 2124 389 2170 micenis
420 2125 518 2170 LG
542 2127 550 2181 Ῑ
577 2138 683 2168 cum
713 2129 755 2169 et
778 2138 970 2169 numero
1001 2125 1095 2179 fere
1118 2137 1200 2170 om.
1228 2125 1291 2181 G,
1323 2126 1376 2170 in
1399 2126 1548 2170 eodem
1579 2127 1759 2170 numeri

107 2184 273 2228 litteris
301 2185 464 2240 scripti
493 2188 602 2228 sunt
724 2189 780 2228 14
807 2183 1055 2228 archelaus
1087 2183 1183 2228 LG
1222 2184 1530 2230 'archesilaus
1572 2184 1617 2228 V
1674 2186 1756 2229 Ar-

107 2242 308 2288 cesilaus
343 2243 600 2288 Mercerius
626 2242 632 2299 Ι
659 2244 881 2300 protenor
912 2241 1008 2287 LG
1034 2244 1040 2299 Ι
1067 2242 1228 2288 boetia
1259 2243 1303 2287 G
1426 2249 1479 2288 15
1512 2243 1758 2288 Ascolofus

108 2301 153 2346 L
211 2301 503 2359 Ascalophus
536 2301 579 2347 G
605 2303 610 2357 Ι
640 2301 841 2346 alimnus
872 2301 915 2345 L
976 2301 1192 2348 alumnus
1224 2301 1267 2347 G
1329 2303 1539 2347 almenus
1571 2302 1622 2346 F
1642 2315 1758 2347 corr.

107 2361 163 2406 in
192 2361 297 2405 edit.
339 2360 487 2406 Venet.
524 2365 637 2405 1499
667 2363 672 2416 Ι
700 2360 993 2405 orcomoenio
1025 2360 1069 2404 L
1129 2374 1375 2407 orcomeno
1408 2361 1452 2406 G
1482 2374 1597 2406 corr.
1634 2362 1759 2405 Mer-

109 2419 257 2464 cerius
379 2424 433 2464 16
464 2419 744 2478 Epistropus
785 2421 834 2464 et
871 2418 1055 2464 scedius
1088 2419 1184 2464 LG
1243 2419 1509 2477 Epistrofus
1551 2421 1599 2464 et
1631 2419 1760 2465 sche-

107 2477 215 2523 dius
251 2478 355 2522 edit.
399 2478 547 2523 Venet.
679 2482 734 2522 17
802 2477 963 2522 otiden
1001 2478 1044 2522 L
1110 2478 1405 2537 phodicenno
1447 2479 1489 2523 G
1558 2478 1759 2536 phocide

110 2537 216 2582 edit.
257 2536 407 2582 Venet.
445 2540 450 2592 Ι
486 2536 619 2582 Thel.
651 2537 694 2579 L
731 2539 737 2591 1
812 2550 1002 2582 eucrum
1034 2536 1077 2582 G
1136 2538 1383 2583 teuchrum
1408 2537 1450 2580 L
1574 2542 1628 2583 18
1655 2541 1761 2594 post

111 2595 305 2640 fratrem
342 2596 535 2651 fortasse
574 2596 957 2650 mma,Dedeo·icho
994 2597 1102 2641 haec
1141 2597 1353 2641 addenda
1383 2600 1514 2640 sunt:
1558 2596 1760 2640 nauibus

111 2654 198 2698 XII
236 2667 294 2698 ex
320 2656 326 2709 Ι
354 2656 481 2711 apud
519 2655 769 2700 Home-rum
809 2655 873 2699 Il.
914 2655 985 2699 II
1022 2660 1107 2700 557
1147 2655 1278 2699 Aiax
1321 2655 1612 2699 Telamonius
1649 2655 1760 2700 cluo-

112 2713 255 2758 deeim
296 2726 439 2758 naues
484 2713 632 2768 ducit,
675 2714 806 2758 Aiax
848 2714 1002 2759 Oileus
1042 2715 1113 2757 II
1141 2718 1227 2759 534
1266 2714 1580 2771 quadi-agrium
1705 2719 1757 2758 19

111 2770 435 2817 bublationem
458 2773 502 2816 L
545 2772 852 2817 bubationem
876 2772 920 2818 G
964 2772 1311 2819 bufarasionem
1335 2772 1386 2816 F
1399 2786 1455 2817 ex
1472 2773 1608 2817 Elide
1635 2773 1759 2817 Mer-

112 2829 281 2886 ceriuS,
320 2843 403 2875 nos
440 2830 728 2889 Buprasione
757 2833 762 2886 Ι
790 2831 1139 2889 amphimacum
1172 2831 1215 2875 G
1282 2831 1649 2889 amphibachum
1688 2831 1755 2890 L}

110 2888 297 2933 dorium
328 2889 443 2945 LG,
488 2902 602 2935 corr.
646 2890 901 2934 Mercerius
935 2892 941 2946 Ι
975 2889 1147 2935 tesium
1179 2890 1221 2933 L
1279 2890 1484 2935 thesium
1517 2891 1559 2934 G
1620 2890 1762 2934 Thal-

111 2946 244 3004 pium
277 2948 532 2993 Mercerius
566 2951 572 3005 1
607 2948 748 3006 polix.
782 2948 875 2994 LG
911 2952 916 3004 1
951 2949 1057 3003 fort.
1092 2949 1459 3006 Amphimachus
1485 2949 1648 2994 Diores
1681 2954 1761 2994 etc.

204 3029 340 3063 Damas
364 3030 581 3065 Pnnvows.
1468 3029 1491 3067 2
