1956 3178
259 82 331 134 94
771 83 993 126 DICTYS
1026 83 1362 127 ORETENSIS

259 207 407 261 addit
442 209 659 278 veritus,
697 226 765 260 ne
805 227 911 277 qua
945 226 1042 276 per
1078 226 1201 261 eum
1237 208 1508 278 hostibus,
1547 227 1683 278 quae
1759 213 1873 264 esta
1947 267 1950 270 ,

260 282 427 348 erant,
464 280 797 348 patefierent.
862 279 1005 347 quod
1040 279 1133 331 ubi
1157 278 1397 332 Helenus
1434 281 1714 349 persensit,
1785 298 1870 349 yr-
1951 311 1956 318 =

259 350 433 418 rhum,
471 350 552 402 uti
578 350 781 402 bonum
806 350 1043 402 animum
1070 354 1292 419 gereret,
1326 350 1588 419 hortatur,
1626 368 1873 404 securum
1954 407 1956 410 Α

260 421 343 473 8111
381 423 837 489 secretorumque:
887 438 1119 489 namque
1169 439 1224 473 se
1281 439 1402 473 cum
1451 439 1514 474 eo
1553 421 1714 474 etiam
1750 424 1874 490 post

215 506 235 539 ⁵
259 491 463 560 patriae
513 490 778 543 excidium
833 491 1016 544 multis
1071 491 1477 560 tempestatibus
1533 491 1591 544 in
1649 490 1875 544 Graecia

259 564 607 614 moraturum.
670 561 851 630 itaque
889 564 949 613 ut
982 560 1191 614 Heleno
1230 562 1517 630 placuerat,
1555 562 1728 614 multa
1763 580 1872 614 ma-

258 632 435 700 181188,
476 650 612 700 quae
650 635 777 700 apta
811 631 1118 684 huiusmodi
1166 632 1399 685 fabricae
1437 633 1740 702 videbatur,
1777 650 1875 701 per

257 702 456 771 Epium
495 706 654 771 atque
692 703 913 755 Aiacem
953 701 1092 755 Oilei
1129 703 1365 756 advecta.

399 773 466 825 X.
528 773 753 825 Interim
788 775 1086 826 firmatores
1133 777 1321 841 pactae
1367 774 1515 842 pacis
1552 773 1619 826 ad
1655 772 1870 826 Troiam

198 859 238 891 10
261 847 391 896 eunt
437 843 617 896 decem
673 843 798 896 lecti
847 843 1027 912 (111088,
1085 843 1370 897 Diomedes
1425 843 1611 897 Ulixes
1665 843 1872 896 Idome-

258 932 392 966 neus
464 914 604 966 Aiax
679 914 1023 967 Telamonius
1090 913 1289 967 Nestor
1363 908 1632 967 Meriones
1695 914 1874 967 Thoas

259 985 564 1038 Philocteta
608 983 996 1053 Neoptolemus
1043 988 1202 1054 atque
1239 985 1511 1038 Eumelus,
1598 1003 1732 1054 quos
1777 985 1871 1036 ubi

259 1056 319 1107 in
363 1055 482 1108 foro
531 1055 953 1108 animadvertere
999 1056 1309 1123 populareS,
1358 1056 1485 1108 laeti
1528 1056 1736 1108 animos
1772 1055 1874 1107 tol-

260 1126 382 1178 lunt
417 1126 580 1177 finem
616 1126 723 1177 iam
761 1143 1136 1178 aerumnarum
1173 1127 1461 1178 credentes,
1546 1126 1728 1195 itaque
1766 1125 1872 1177 sin-

197 1210 238 1242 15
262 1197 378 1266 guli
412 1196 609 1264 plureS,
649 1196 729 1248 uti
766 1196 990 1265 quisque
1030 1200 1345 1263 occurrerat,
1388 1197 1620 1267 benigne
1658 1196 1872 1263 adeunt,

261 1267 498 1319 salutant
534 1267 866 1336 gratulantes
904 1270 1064 1335 atque
1103 1268 1494 1320 exosculantur.
1569 1270 1686 1319 tum
1726 1266 1873 1319 Pria-

260 1356 379 1390 mus
415 1355 513 1406 pro
560 1336 769 1389 Heleno
820 1355 970 1390 orare
1010 1336 1241 1390 Graecos
1286 1338 1575 1406 multisque
1620 1336 1873 1389 adhibitis

260 1408 509 1476 precibus
548 1408 919 1460 commendare
958 1408 1292 1460 carissimum
1329 1408 1431 1460 sibi
1470 1411 1523 1460 et
1559 1408 1701 1460 inter
1737 1410 1874 1460 cete·

263 1497 353 1531 ros
392 1478 645 1530 dilectum
691 1478 863 1547 magis
911 1482 1132 1546 propter
1181 1478 1535 1547 prudentiam.
1611 1477 1735 1530 dein
1778 1477 1873 1529 ubi

200 1563 241 1595 20
263 1553 475 1617 tempus
523 1549 697 1601 visum
744 1552 848 1616 est,
897 1549 1205 1601 convivium
1258 1549 1469 1629 publice
1520 1551 1767 1617 coeptum
1814 1547 1874 1600 in

261 1619 523 1672 honorem
571 1619 765 1671 ducum
812 1618 1148 1688 adscitaeque
1196 1620 1342 1688 pacis
1389 1621 1665 1671 Antenore
1704 1618 1875 1671 deser-

262 1691 443 1742 viente
483 1689 701 1742 Graecis
738 1692 904 1769 atque
938 1691 1086 1742 omni
1122 1690 1281 1742 modo
1319 1690 1551 1770 benigne
1590 1689 1874 1741 exhibente

263 1763 469 1813 cuncta.
546 1763 602 1812 at
647 1760 781 1812 lucis
829 1760 986 1812 initio
1035 1778 1187 1812 senes
1238 1778 1421 1813 omnes
1458 1761 1517 1812 in
1553 1760 1737 1812 aedem
1773 1757 1874 1811 Mi-

261 1849 458 1884 nervae
496 1830 841 1898 conveniunt,
878 1831 938 1882 in
974 1831 1092 1899 quis
1129 1832 1378 1883 Antenor
1412 1830 1579 1883 refert
1613 1830 1804 1883 missos
1841 1847 1876 1881 a

198 1915 239 1948 25
264 1901 481 1954 Graecis
519 1919 679 1981 super
723 1901 1125 1953 condicionibus
1170 1901 1469 1969 praedictae
1506 1901 1654 1969 pacis
1691 1899 1874 1952 decem

261 1973 469 2042 legatos
506 1972 665 2024 viros
741 1989 875 2040 quos
921 1972 1015 2023 ubi
1063 1970 1251 2024 deduci
1294 1972 1353 2023 in
1390 1974 1633 2023 senatum
1668 1969 1872 2038 placuit

263 2045 318 2095 et
354 2043 568 2095 dextrae
617 2042 850 2094 invicem
895 2041 1048 2094 datae
1099 2045 1258 2110 atque
1297 2044 1542 2122 acceptae
1580 2043 1730 2109 sunt,
1769 2043 1872 2092 sta-

261 2116 425 2166 tuunt
459 2113 601 2165 inter
638 2130 709 2180 se,
747 2113 829 2164 uti
865 2113 1110 2181 proximo
1158 2113 1242 2164 die
1281 2112 1455 2181 campi
1499 2110 1674 2164 medio
1713 2113 1872 2190 atque

263 2184 323 2235 in
368 2200 459 2236 ore
507 2183 749 2235 omnium
794 2201 913 2235 aras
960 2186 1222 2251 statuant,
1271 2183 1329 2235 in
1368 2182 1486 2251 quis
1531 2181 1690 2233 fidem
1726 2179 1874 2249 pacis

200 2267 242 2299 30
264 2253 607 2306 iurisiurandi
663 2252 1015 2322 religionibus
1071 2254 1361 2305 firmarent.
1447 2253 1565 2321 quis
1620 2250 1872 2319 perfectis

264 2323 553 2377 Diomedes
601 2326 759 2392 atque
799 2321 984 2376 Ulixes
1031 2324 1208 2376 iurare
1256 2323 1529 2391 occipiunt
1563 2339 1874 2390 permansu-

263 2413 352 2448 ros
390 2413 444 2447 se
480 2395 541 2446 in
579 2412 667 2474 eo,
716 2393 859 2462 quod
906 2394 1007 2446 sibi
1045 2412 1166 2446 cum
1202 2396 1479 2446 Antenore
1519 2392 1871 2459 convenisset,

263 2469 531 2533 testesque
578 2465 636 2516 in
683 2482 799 2516 eam
845 2482 959 2517 rem
1006 2464 1191 2516 Iovem
1237 2481 1502 2516 summum
1547 2462 1872 2529 Terramque

330 2684 334 2689 k
378 2707 403 2746 9
442 2704 621 2745 firmata
666 2717 739 2745 res
786 2705 865 2748 GB
937 2703 1191 2744 firmatores
1235 2704 1277 2743 P
1412 2704 1464 2743 15
1511 2702 1724 2755 pluresue
1767 2702 1869 2743 edit.

273 2762 566 2806 Venet.1499
685 2763 737 2801 16
776 2765 914 2813 atque
946 2759 1236 2813 gratulantes
1275 2760 1506 2801 Mercerws·
1631 2760 1686 2799 20
1715 2759 1763 2797 in
1794 2756 1872 2797 ho-

265 2830 423 2858 norem
465 2824 511 2858 ut
565 2819 817 2871 Vindinyius
862 2822 1091 2869 optauerat
1135 2817 1199 2868 P,
1258 2817 1414 2870 reliqui
1464 2816 1563 2857 libri
1605 2814 1654 2854 in
1699 2812 1872 2854 honore

265 2874 321 2914 28
357 2874 406 2913 in
435 2872 583 2914 medio
614 2874 666 2914 P.
