1956 3178
254 156 327 208 20
804 155 1063 200 DARETIS
1095 155 1350 201 PHRYGH

253 277 394 330 fecit.
457 281 510 330 et
549 295 611 329 eo
650 280 891 344 tempore
931 279 1149 328 venerat
1181 275 1405 329 Calchas
1438 276 1696 330 Thestore
1734 280 1894 330 natus

255 351 481 403 divinus
559 350 700 402 dona
745 367 842 418 pro
882 348 1185 420 Phrygibus
1234 368 1265 401 a
1313 368 1407 403 suo
1454 351 1652 419 populo
1698 350 1894 404 missus

255 424 496 493 Apollini
543 424 819 492 portabat,
867 423 1026 475 simul
1073 423 1341 476 consuluit
1386 423 1449 475 de
1496 440 1662 493 regno
1712 423 1895 477 rebus-

256 516 357 567 que
399 498 523 550 suis.
599 497 723 549 huic
762 515 827 549 ex
866 496 1025 566 adyto
1065 496 1439 565 respondetur,
1476 501 1537 550 ut
1579 515 1699 550 cum
1737 497 1895 567 Argi-

164 587 173 620 :
210 588 231 622 5
256 590 444 624 vorum
492 571 660 623 classe
707 571 937 623 militum
994 573 1180 623 contra
1226 570 1486 623 Troianos
1532 571 1898 640 proficiscatur

257 662 453 714 eosque
501 662 596 697 sua
643 644 1012 714 intellegentia
1055 645 1222 713 iuvet,
1268 661 1398 697 neve
1443 643 1567 697 inde
1604 645 1752 714 prius
1791 645 1896 697 dis-

256 719 470 787 cedant,
518 736 678 788 quam
717 718 878 771 Troia
924 721 1081 787 capta
1129 718 1212 771 sit.
1288 722 1573 787 postquam
1615 718 1673 770 in
1710 719 1897 771 fanum

256 796 477 845 ventum
523 795 626 860 est,
672 792 812 844 inter
859 810 914 845 se
962 791 1198 844 Achilles
1254 795 1307 844 et
1361 791 1586 845 Calchas
1640 809 1898 862 responsa

256 867 620 934 contulerunt,
661 866 953 935 gaudentes
989 865 1223 934 hospitio
1251 866 1541 918 amicitiam
1565 865 1898 934 confirmant,

190 956 234 989 10
258 958 365 992 una
400 939 644 992 Athenas
683 939 1111 1008 proficiscuntur,
1150 939 1468 1008 perveniunt
1505 957 1583 992 eo.
1658 938 1896 992 Achilles

256 1013 440 1065 eadem
471 1013 529 1065 in
554 1013 776 1065 consilio
810 1014 993 1081 refert,
1033 1011 1222 1082 Argivi
1254 1012 1509 1082 gaudent,
1550 1011 1896 1066 Calchantem

257 1104 435 1139 secum
507 1086 792 1154 recipiunt,
855 1087 1079 1139 classem
1142 1087 1370 1139 solvunt.
1481 1104 1602 1139 cum
1670 1103 1761 1139 eos
1821 1086 1898 1139 ibi

254 1162 601 1228 tempestates
634 1160 946 1227 retinerent,
986 1158 1212 1213 Calchas
1245 1177 1309 1213 ex
1342 1159 1565 1229 augurio
1596 1159 1898 1228 respondet,

256 1234 335 1285 uti
388 1235 724 1286 revertantur
770 1237 824 1286 et
869 1234 927 1286 in
972 1233 1223 1285 Aulidem
1269 1233 1689 1302 proficiscantur.
1777 1251 1898 1302 pro·

190 1323 232 1357 15
257 1307 382 1359 fecti
428 1307 762 1375 perveniunt.
838 1306 1215 1376 Agamemnon
1252 1305 1485 1359 Dianam
1530 1307 1710 1375 placat
1748 1306 1897 1359 dicit-

257 1398 358 1449 que
399 1380 556 1433 sociis
598 1380 730 1447 suiS,
777 1384 840 1433 ut
877 1381 1103 1433 classem
1151 1381 1384 1448 solvant,
1432 1380 1499 1433 ad
1537 1380 1752 1433 Troiam
1795 1379 1898 1433 iter

255 1454 471 1506 faciant.
564 1456 789 1506 utuntur
842 1454 972 1507 duce
1026 1453 1347 1522 Philocteta,
1410 1454 1501 1523 qui
1554 1471 1674 1506 cum
1725 1454 1897 1523 Argo-

256 1527 436 1579 nautis
487 1527 555 1579 ad
602 1527 819 1580 Troiam
863 1527 1052 1580 fuerat.
1130 1527 1317 1580 deinde
1365 1527 1638 1596 applicant
1675 1527 1899 1580 classem

258 1600 325 1652 ad
364 1600 618 1669 oppidum
667 1601 810 1670 quod
849 1600 948 1653 sub
987 1601 1211 1669 imperio
1251 1600 1452 1653 Priami
1488 1601 1631 1670 regis
1670 1604 1806 1670 erat,
1845 1604 1900 1653 et

191 1691 235 1723 20
259 1674 314 1726 id
353 1677 687 1743 expugnant,
727 1679 1027 1744 praedaque
1077 1674 1220 1727 facta
1258 1674 1679 1743 proficiscuntur.
1754 1674 1898 1727 veni-

257 1751 357 1800 unt
410 1747 704 1814 Tenedum,
769 1748 863 1800 ubi
917 1766 1101 1800 omnes
1164 1748 1425 1800 occidunt.
1524 1747 1899 1818 Agamemnon

166 1852 167 1855 =
258 1820 513 1890 praedam
555 1820 756 1889 divisit,
795 1821 1077 1873 consilium
1117 1822 1440 1874 convocavit.

406 1893 552 1946 XVI.
629 1894 761 1946 Inde
800 1895 1005 1964 legatos
1047 1894 1114 1946 ad
1149 1894 1421 1947 Priamum
1459 1894 1648 1962 mittit,
1688 1893 1734 1946 si
1771 1893 1899 1947 velit

257 1966 523 2020 Helenam
569 1967 787 2019 reddere
835 1971 889 2020 et
933 1965 1186 2036 praedam
1233 1986 1394 2037 quam
1435 1966 1737 2020 Alexander
1772 1966 1899 2019 fecit

193 2057 236 2090 25
260 2041 555 2093 restituere.
640 2041 804 2110 legati
851 2041 1133 2110 eleguntur
1170 2040 1456 2094 Diomedes
1496 2044 1550 2093 et
1587 2039 1793 2108 Ulixes,
1841 2039 1899 2092 hi

259 2114 327 2166 ad
380 2113 656 2166 Priamum
709 2114 1131 2182 proficiscuntur.
1231 2115 1356 2167 dum
1410 2114 1575 2183 legati
1629 2112 1896 2166 mandatis

257 2191 471 2256 parent,
518 2186 808 2240 mittuntur
852 2186 1088 2240 Achilles
1139 2192 1192 2240 et
1230 2187 1495 2256 Telephus
1535 2186 1602 2239 ad
1639 2185 1896 2258 praedan-

380 2352 402 2390 1
437 2346 589 2390 calcas
612 2346 685 2391 hic
708 2349 748 2390 et
769 2347 952 2402 saepius
976 2346 1019 2390 G
1080 2346 1298 2391 chalchas
1323 2346 1367 2389 L
1392 2350 1398 2401 1
1428 2346 1467 2391 0
1486 2361 1532 2389 u.
1556 2345 1599 2390 G
1626 2347 1630 2401 Ι
1658 2346 1831 2390 testere
1855 2343 1899 2389 G

259 2405 316 2449 de
339 2407 523 2450 nestore
554 2404 599 2448 L
702 2410 728 2448 2
754 2404 877 2448 Nam
906 2404 1117 2450 troianus
1141 2404 1232 2449 fuit
1255 2405 1359 2449 add.
1385 2404 1429 2448 L
1451 2408 1557 2449 ante
1579 2403 1764 2447 diuinus
1869 2407 1896 2446 3

256 2465 378 2520 port.
411 2463 497 2520 Ap.
532 2462 575 2507 G
602 2465 607 2519 Ι
636 2463 823 2519 suisque
846 2463 984 2508 rebus
1010 2463 1052 2506 L
1171 2468 1199 2507 4
1231 2477 1286 2508 ex
1320 2463 1486 2508 auditu
1509 2462 1552 2508 G
1613 2474 1699 2506 exa
1729 2461 1832 2505 ditu
1854 2461 1899 2504 L

258 2527 284 2566 6
316 2521 448 2566 iuuet
471 2521 522 2564 F
578 2521 714 2566 iussit
743 2521 840 2566 LG
865 2523 870 2576 1
899 2535 957 2566 116
981 2522 1059 2566 1161
1082 2521 1177 2566 LG
1236 2535 1294 2566 ne
1319 2535 1427 2566 uere
1451 2521 1502 2564 F
1556 2520 1723 2576 scripsi
1744 2532 1861 2564 neve
1887 2518 1902 2576 1

257 2580 470 2624 discedat
492 2579 543 2624 F
659 2585 686 2625 8
717 2579 923 2624 Achilles
956 2593 1038 2624 om.
1066 2580 1108 2624 G
1135 2582 1140 2635 Ι
1168 2579 1353 2624 chalcas
1384 2579 1428 2623 L
1547 2585 1572 2624 9
1597 2578 1831 2636 gaudente
1855 2577 1900 2622 G

686 2649 731 2672 ΕΟ

260 2686 315 2725 10
355 2682 429 2739 eo]
463 2684 511 2727 et
543 2682 586 2726 G
648 2684 696 2727 et
724 2682 768 2726 L
890 2686 942 2725 11
976 2681 1234 2726 calc-antem
1265 2681 1359 2725 LG
1481 2686 1533 2724 12
1570 2694 1648 2726 eas
1678 2680 1722 2724 L
1843 2685 1895 2723 13

257 2742 590 2797 tempestatem
638 2740 682 2785 G
719 2743 724 2797 Ι
762 2739 1014 2798 respondet
1051 2741 1097 2784 B
1157 2739 1399 2796 respondit
1443 2738 1539 2783 LG
1660 2744 1716 2783 14
1761 2739 1815 2782 ut
1855 2737 1900 2782 G

262 2803 314 2842 17
346 2798 527 2843 faciunt
558 2799 601 2844 G
628 2802 633 2855 Ι
661 2799 868 2844 filoctote
892 2798 936 2842 L
995 2798 1171 2843 filocita
1203 2799 1333 2852 (corr.
1366 2812 1420 2842 em
1450 2798 1653 2853 filoceta)
1679 2796 1722 2842 G
1844 2801 1897 2840 18

259 2856 412 2900 iuerat
454 2856 491 2900 Ο
624 2863 677 2902 19
711 2859 812 2902 erat
850 2856 897 2902 R
965 2859 1087 2901 esset
1126 2856 1222 2901 LG
1289 2858 1361 2901 est
1395 2856 1448 2900 F
1563 2860 1619 2899 22
1651 2853 1827 2912 praeda
1856 2854 1899 2896 L

260 2919 315 2958 23
349 2915 465 2959 uelit
492 2916 554 2959 M
609 2915 755 2960 uellet
778 2915 874 2960 LG
994 2921 1050 2960 25
1074 2915 1310 2972 eliguntur
1341 2915 1384 2958 L
1504 2919 1560 2958 26
1592 2871 1816 2958 mandato
1840 2911 1897 2957 G.
