1956 3178
536 106 723 148 BELLI
754 104 1013 148 'monim
1042 104 1158 146 ms.
1194 103 1269 147 V1.
1617 100 1716 154 103

107 89 159 124 11·

17 230 30 274 s
53 232 76 250 ’
109 229 355 285 addidere
396 235 468 283 'ea
517 230 635 300 quis
683 229 871 283 mobili
916 247 1074 282 suasu
1112 231 1306 281 natura
1341 227 1600 279 muliebre
1638 227 1718 278 in-

27 296 67 362 ζ’
106 300 323 372 genium
359 301 531 371 magis
569 300 851 354 adversum
898 318 1022 352 suos
1071 298 1460 352 incenderetur.
1535 297 1717 366 itaque

17 373 65 436 ’ἐξ
110 370 332 441 Aegiale
367 371 739 424 advenientem
763 369 1081 423 Diomedem
1118 387 1214 438 per
1251 369 1394 421 cives
1423 368 1571 421 aditu
1597 385 1719 436 pro-

11 495 16 503 ,
52 443 66 468 ‘⁴'
109 441 275 494 hibet.
364 442 718 512 Clytemestra
769 459 866 510 per
913 440 1236 492 Aecristhum
1297 439 1557 491 adulterio
1616 438 1719 491 sibi

10 506 15 547 ἷ
106 512 388 592 cognitum
402 514 865 583 Agamemnonem
890 484 1098 563 insidiis
1127 511 1271 578 capit
1296 528 1523 578 eumque
1556 510 1718 562 inter·
1741 522 1762 555 5

110 582 246 634 ficit:
302 582 548 652 brevique
607 582 843 650 denupta
900 582 1142 634 adultero
1199 581 1496 650 Erigonem
1542 598 1606 632 ex
1654 598 1717 632 eo

107 651 236 704 edit.
338 652 547 705 interim
611 652 929 721 Talthybius
1001 651 1229 704 Oresten
1293 650 1719 720 Agamemnonis

108 722 280 775 filium
345 724 586 775 manibus
644 723 893 793 Aegisthi
950 726 1191 791 ereptum
1248 722 1562 789 Idomeneo,
1626 721 1719 790 qui

44 815 50 828 2
106 791 251 862 apud
288 790 605 846 Corinthum
652 794 871 863 agebat,
921 792 1098 845 tradit.
1183 810 1246 845 eo
1294 791 1582 844 Diomedes
1634 809 1720 843 ex-

105 862 292 932 pulsus
328 880 496 932 regno
531 868 585 917 et
609 863 844 916 Teucrus
869 863 1175 932 prohibitus
1202 861 1474 915 Salamina
1511 880 1543 914 a
1567 861 1719 914 Tela·
1743 875 1784 907 10

0 911 53 993 '2⁷
106 951 292 1002 mone,
341 934 546 986 scilicet
589 934 732 1004 quod
779 935 1000 986 fratrem
1049 933 1256 986 insidiis
1296 934 1720 986 circumventum

35 1010 64 1071 ἑὲ
109 1021 223 1057 11011
272 1003 614 1073 defendisset,
668 1005 1013 1058 conveniunt.
1109 1005 1325 1056 interim
1374 1003 1720 1056 Menestheus

0 1071 67 1135 ss‘¹;
103 1091 229 1127 cum
267 1074 474 1127 Aethra
509 1074 699 1128 Thesei
738 1079 792 1127 et
829 1075 1086 1144 Clymena
1131 1074 1244 1126 filia
1291 1075 1403 1126 eius
1450 1074 1516 1126 ab
1554 1074 1722 1126 Athe·

46 1172 52 1183 ·-
105 1144 383 1197 niensibus
420 1146 687 1215 recipitur,
726 1145 1087 1214 Demophoon
1126 1148 1285 1215 atque
1321 1146 1550 1197 Acamas
1586 1144 1720 1196 foris

26 1224 74 1298 se>
106 1218 342 1268 manent.
418 1219 652 1268 ceterum
698 1217 790 1269 ubi
826 1217 1006 1284 plures
1054 1234 1262 1284 eorum,
1312 1215 1403 1283 qui
1459 1233 1603 1267 mare
1640 1215 1720 1266 in·
1743 1228 1784 1260 15

23 1282 57 1386 ἓξ
106 1285 374 1355 sidiasque
412 1304 630 1339 suorum
668 1290 970 1355 evaserant,
1010 1286 1151 1355 apud
1190 1285 1513 1338 Corinthum
1550 1285 1717 1353 fuere,

40 1356 53 1404 .’
104 1359 323 1426 cavent,
380 1357 461 1409 uti
508 1357 679 1409 iuncti
733 1358 875 1410 inter
924 1375 978 1409 se
1037 1357 1252 1426 singula
1299 1356 1720 1426 aggrederentur

0 1403 66 1460 3*
103 1443 274 1496 regna
327 1426 574 1496 belloque
621 1427 824 1480 aditum
871 1427 937 1480 ad
984 1445 1108 1480 suos
1145 1426 1524 1495 patefacerent.
1602 1445 1720 1479 eam

17 1464 54 1589 Ξ
103 1515 219 1550 rem
253 1496 453 1550 Nestor
488 1497 741 1566 prohibet
794 1498 1021 1550 suadens
1067 1499 1407 1566 temptandos
1454 1498 1602 1565 prius
1650 1498 1719 1549 ci-

17 1597 19 1617 ;
54 1580 57 1581 ’
107 1567 257 1619 vium
294 1567 501 1620 animos
538 1586 713 1637 neque
751 1568 1216 1636 committendum,
1255 1568 1335 1620 uti
1372 1586 1469 1637 per
1506 1567 1718 1620 seditio·
1741 1581 1783 1613 20

17 1588 55 1710 ἔ
106 1655 233 1690 nem
259 1637 484 1690 Graecia
521 1638 695 1691 omnis
733 1639 1004 1691 intestinis
1043 1638 1320 1691 discordiis
1358 1656 1720 1707 corrumpere-

15 1711 58 1767 ?3.
101 1710 209 1761 tur.
271 1726 445 1777 neque
482 1709 652 1761 multo
687 1713 810 1777 post
847 1710 1125 1779 cognoscit
1149 1709 1436 1762 Diomedes
1472 1709 1530 1761 in
1557 1710 1720 1761 Aeto-

17 1782 42 1838 '2⁴
107 1777 181 1831 lia
216 1778 283 1831 ab
329 1778 441 1847 his,
481 1779 573 1847 qui
610 1798 707 1848 per
743 1781 1039 1832 absentiam
1086 1780 1198 1832 eius
1235 1797 1463 1849 regnum
1501 1780 1719 1832 infesta-

106 1848 264 1917 bant,
316 1853 546 1902 Oeneum
593 1850 776 1902 multis
824 1850 1094 1903 afflictari:
1145 1851 1213 1902 ob
1262 1868 1398 1918 quae
1446 1850 1720 1919 profectus

15 1904 56 1993 1⁵·
104 1918 174 1972 ad
203 1937 266 1972 ea
301 1920 420 1973 loca
445 1938 644 1989 omneS,
685 1939 819 1989 quos
845 1926 1088 1974 auctores
1126 1921 1353 1972 iniuriae
1391 1923 1716 1989 reppererat,
1742 1932 1783 1966 25

16 2014 43 2053 ³4.
106 1989 360 2043 interficit
435 1994 687 2059 metuque
755 1992 1003 2044 omnibus
1068 1991 1266 2043 circum
1331 1991 1463 2043 locis
1520 1991 1719 2043 iniecto

16 2054 37 2093 Γ
105 2059 263 2113 facile
301 2061 368 2113 ab
407 2061 516 2113 suis
552 2064 797 2129 receptus
845 2065 939 2114 est.
1013 2061 1136 2113 inde
1174 2079 1270 2130 per
1307 2079 1520 2113 omnem
1559 2062 1720 2114 Grae-

13 2142 51 2199 ·†
102 2130 243 2183 ciam
279 2130 424 2183 fama
461 2134 578 2184 orta
615 2149 738 2183 suos
784 2132 1009 2200 quisque
1056 2148 1208 2201 reges
1246 2131 1541 2200 accipiunt:
1581 2150 1719 2184 sum-

105 2218 247 2253 mam
286 2201 345 2253 in
381 2201 480 2269 his,
525 2201 616 2270 qui
655 2202 797 2269 apud
822 2201 1039 2254 Troiam
1075 2202 1423 2270 bellaverant,
1463 2202 1719 2254 virtutem

36 2286 61 2311 ἐ·
104 2289 279 2340 neque
317 2271 374 2323 in
413 2272 706 2324 resistendo
746 2273 1058 2341 cuiusquam
1105 2273 1244 2325 vires
1282 2272 1503 2325 idoneas
1542 2272 1719 2324 existi-
1742 2285 1783 2317 30

106 2344 331 2394 mantes.
406 2342 482 2394 ita
526 2359 626 2394 nos
674 2361 887 2412 quoque
936 2361 1057 2395 cum
1095 2343 1382 2396 Idomeneo
1432 2360 1557 2413 rege
1597 2343 1719 2396 Cre-

102 2415 218 2465 tam
289 2412 522 2480 patrium
589 2413 764 2466 solum
830 2431 1036 2466 summa
1093 2414 1452 2483 gratulatione
1522 2413 1720 2465 civium

59 2535 73 2546 ,
103 2482 473 2536 remeavimus,

226 2669 245 2707 l
297 2667 462 2709 mobile
515 2673 680 2722 suapte
735 2671 772 2709 P
926 2671 977 2710 13
1032 2669 1221 2709 aethera
1275 2669 1343 2709 sei
1392 2668 1470 2709 ΕΒ
1543 2667 1719 2709 Aethra

108 2723 279 2764 Thesei
309 2725 350 2764 P
500 2726 552 2765 14
583 2726 794 2767 demofon
828 2726 862 2766 G
888 2724 895 2778 Ι
923 2725 1140 2765 aehamas
1174 2725 1252 2765 GB
1397 2726 1447 2766 15
1487 2725 1564 2777 qui
1595 2737 1718 2765 mare

107 2779 393 2832 insidiasque
434 2792 614 2821 suorum
644 2784 744 2825 add.
770 2782 809 2821 P
835 2795 913 2825 om.
954 2782 988 2822 G
1053 2794 1177 2821 mare
1210 2781 1490 2834 insidiasque
1537 2793 1719 2821 suorum

106 2847 187 2876 om.
214 2835 253 2875 B
381 2838 437 2876 24
465 2849 646 2879 aenean
670 2839 749 2879 GB
799 2837 1005 2879 Oeneum
1036 2851 1150 2880 corr.
1182 2838 1405 2878 Mercerus
1525 2838 1580 2878 28
1612 2848 1720 2877 suas

109 2902 153 2943 q.
185 2891 313 2946 leges
347 2891 425 2933 GB
454 2906 568 2938 corr.
600 2895 654 2936 P.

1474 3172 1496 3178 Ι
