1956 3178
291 149 323 200 6
803 145 1020 190 DIGTYS
1051 145 1382 188 CRETENsls

291 274 598 326 amitterent
633 275 841 341 partam
878 271 1153 340 praedam,
1203 271 1420 323 summis
1467 272 1657 339 opibus
1694 271 1897 325 adnite-

290 347 498 396 rentur:
537 343 768 395 incensis
807 341 996 395 deinde
1023 341 1225 394 duabus
1258 342 1484 394 navibus
1521 341 1742 395 Troiani
1775 341 1896 396 reli-

292 433 421 482 quas
459 417 671 466 strenue
719 412 961 465 defensas
1008 412 1252 470 liberant.
1328 415 1487 481 atque
1537 412 1613 464 ita
1656 411 1896 483 fatigatis

290 485 397 536 iam
433 484 637 551 proelio
675 483 918 536 hostibus
956 482 1202 535 evadunt.

248 576 268 606 5
431 554 524 605 VI.
587 554 813 605 Interim
839 553 980 622 apud
1005 552 1220 605 Troiam
1245 553 1544 623 legatorum
1569 552 1894 622 PalamedeS,

291 624 439 675 cuius
477 624 705 676 maxime
744 642 805 676 ea
829 626 1143 692 tempestate
1170 623 1314 676 domi
1341 623 1573 692 bellique
1612 623 1895 676 consilium

288 694 479 761 valuit,
531 694 596 745 ad
642 694 914 746 Priamum
963 693 1073 745 adit
1109 693 1479 762 conductoque
1527 693 1752 746 concilio
1790 693 1897 762 pri-

288 782 434 816 mum
496 763 558 815 de
606 764 899 816 Alexandri
956 764 1153 816 iniuria
1198 764 1567 832 conqueritur,
1625 781 1898 832 exponens

289 834 569 886 conmunis
606 834 829 902 hospitii
869 834 1222 902 eversionem,
1263 833 1385 886 dein
1421 837 1629 902 monet,
1670 837 1896 903 quantas

226 923 266 954 10
290 921 351 955 ea
387 922 470 955 res
508 904 648 956 inter
686 905 789 957 duo
829 922 994 974 regna
1041 904 1335 956 simultates
1377 905 1708 957 concitatura
1743 907 1896 973 esset,

287 974 628 1026 interiaciens
677 975 987 1027 memoriam
1037 974 1419 1027 discordiarum
1465 975 1533 1026 Ili
1581 978 1635 1027 et
1679 974 1896 1044 Pelopis

287 1044 635 1112 aliorumque,
675 1046 766 1112 qui
794 1063 856 1097 ex
883 1045 1052 1097 causis
1092 1044 1352 1097 similibus
1379 1044 1445 1097 ad
1474 1045 1896 1098 internecionem

286 1131 452 1181 usque
508 1114 750 1183 gentium
804 1115 1196 1182 pervenissent:
1264 1114 1330 1166 ad
1383 1118 1713 1183 postremum
1766 1115 1896 1168 belli

287 1183 629 1236 difficultates
656 1187 946 1252 contraque
985 1185 1131 1252 pacis
1158 1184 1435 1237 commoda
1472 1185 1749 1238 adstruens
1784 1202 1897 1238 non

226 1271 267 1303 15
290 1271 345 1305 se
371 1253 636 1322 ignorare,
664 1255 754 1322 ait,
784 1255 998 1322 quantis
1024 1255 1334 1307 mortalibus
1367 1258 1478 1307 tam
1508 1259 1662 1308 atrox
1685 1254 1896 1308 facinus

290 1323 718 1393 indignationem
749 1325 1036 1376 incuteret:
1076 1342 1140 1376 ex
1166 1342 1270 1392 quo
1298 1328 1538 1377 auctores
1575 1325 1802 1378 iniuriae
1827 1327 1896 1378 ab

292 1394 541 1446 omnibus
568 1394 846 1446 derelictos
884 1395 1174 1462 impietatis
1202 1395 1462 1462 supplicia
1499 1395 1783 1448 subituros
1842 1397 1897 1447 et

287 1481 408 1515 cum
463 1464 618 1531 plura
673 1465 844 1516 dicere
900 1467 1139 1532 cuperet,
1195 1464 1439 1516 Priamus
1495 1465 1727 1517 medium
1783 1465 1896 1518 eius

291 1533 687 1602 interrumpens
708 1552 1030 1587 sermonem:
1051 1534 1260 1602 parcius
1281 1553 1476 1603 quaeso
1497 1535 1794 1603 Palamede,
1816 1535 1896 1588 in-

224 1622 266 1653 20
290 1603 430 1670 quit:
452 1604 692 1671 iniquum
715 1605 912 1657 etenim
934 1605 1144 1656 videtur
1168 1605 1466 1658 insimulari
1486 1623 1607 1658 eum
1628 1605 1720 1674 qui
1741 1605 1895 1675 absit,

285 1673 515 1725 maxime
552 1691 672 1725 cum
707 1675 822 1726 fieri
858 1675 1042 1742 possit,
1082 1675 1175 1741 uti,
1213 1692 1347 1742 quae
1376 1675 1661 1728 criminose
1687 1675 1896 1728 obiecta

285 1745 426 1810 sunt,
452 1744 721 1810 praesenti
760 1744 1083 1796 refutatione
1110 1744 1395 1797 diluantur.
1450 1745 1579 1798 haec
1605 1748 1765 1813 atque
1790 1745 1896 1798 alia

282 1812 587 1865 huiusmodi
634 1813 873 1866 inserens
936 1814 1134 1866 differri
1190 1815 1430 1882 querelas
1486 1814 1552 1866 ad
1607 1816 1895 1868 adventum
1947 1859 1956 1885 ι.

283 1881 575 1934 Alexandri
621 1883 783 1936 iubet.
870 1883 1084 1936 videbat
1134 1885 1302 1953 enim,
1345 1888 1406 1937 ut
1442 1885 1667 1954 singuli,
1707 1887 1799 1954 qui
1835 1885 1895 1938 in

220 1968 261 2000 25
285 1969 346 2004 eo
385 1953 606 2005 consilio
646 1953 880 2022 aderant,
919 1953 1217 2006 Palamedis
1256 1955 1496 2007 oratione
1534 1958 1893 2025 moverentur,

282 2024 344 2072 ut
378 2022 556 2090 taciti,
596 2023 749 2075 vultu
786 2027 966 2076 tamen
1003 2024 1287 2076 admissum
1331 2024 1539 2077 facinus
1578 2024 1893 2078 condemna-

284 2093 428 2158 rent,
469 2109 587 2143 cum
626 2093 838 2161 singula
874 2095 1009 2146 miro
1047 2111 1242 2163 genere
1281 2095 1539 2147 orationis
1566 2112 1894 2163 exponeren-

281 2162 370 2211 tur
407 2163 565 2228 atque
602 2162 660 2213 in
694 2180 940 2215 sermone
978 2164 1168 2217 Graeci
1215 2165 1356 2234 regis
1402 2165 1602 2218 inesset
1635 2165 1894 2233 quaedam

281 2231 545 2297 permixta
569 2232 900 2285 miserationi
935 2238 1031 2285 vis,
1096 2237 1255 2301 atque
1293 2235 1370 2287 ita
1407 2253 1468 2288 eo
1496 2235 1580 2287 die
1608 2235 1894 2288 consilium

218 2315 260 2347 30
282 2299 581 2352 dimittitur.
666 2301 757 2354 sed
803 2303 1008 2372 legatos
1054 2303 1325 2371 Antenor,
1382 2305 1465 2357 vir
1509 2305 1789 2373 hospitalis
1839 2307 1897 2358 et
1949 2343 1956 2349 -

280 2373 490 2437 praeter
541 2374 775 2424 caeteros
823 2373 954 2425 boni
1001 2372 1319 2441 honestique
1371 2378 1624 2442 sectator,
1674 2374 1889 2428 domum
1931 2398 1951 2430 Α

281 2439 349 2490 ad
386 2458 440 2491 se
478 2441 719 2493 volentes
758 2441 983 2494 deducit.

420 2509 540 2562 VII.
602 2510 824 2563 Interim
848 2512 1029 2579 paucis
1062 2515 1185 2580 post
1222 2512 1404 2564 diebus
1429 2513 1566 2565 Alex
1577 2512 1742 2565 ander
1769 2531 1890 2567 cum
1954 2540 1956 2542 ·

281 2596 442 2645 supra
491 2579 644 2631 dictis
694 2581 976 2633 comitibus
1026 2582 1198 2650 venit,
1256 2581 1518 2634 Helenam
1575 2600 1753 2636 secum
1798 2583 1891 2636 ha—

392 2691 456 2731 VI
487 2691 643 2732 Malal.
676 2695 769 2735 122.

395 2804 446 2844 19
477 2804 656 2856 partius
690 2805 768 2845 GB
870 2807 920 2846 21
956 2806 1160 2847 obiectas
1192 2807 1234 2845 B
1335 2808 1389 2847 22
1422 2792 1659 2860 praesenti
1689 2821 1765 2849 om.
1792 2807 1883 2852 GB.

280 2859 380 2901 add.
414 2860 456 2898 P
508 2860 759 2901 Perizonius
789 2863 930 2903 maluit
961 2862 1219 2914 praesentis
1307 2864 1360 2904 29
1393 2868 1630 2917 permyxta
1659 2863 1699 2905 G
1753 2863 1887 2906 mise·

279 2914 475 2956 rationis
505 2915 622 2966 libri,
657 2915 885 2958 Obreehcus
915 2918 1216 2959 miserationi.
