1956 3178
197 179 266 233 <32

195 300 324 356 Argo
366 298 499 343 navis
537 299 917 357 Argonautarum
956 305 996 356 3,

196 418 499 475 Argonautae
521 422 562 472 3,
582 422 635 461 17
663 423 732 474 22,
750 423 777 462 4
809 417 998 462 Troiam

256 475 457 533 profecti
489 477 596 519 sunt
628 481 705 531 20,
733 481 786 521 17

197 536 350 592 Argus
382 534 654 579 aedificator
686 536 819 581 navis
849 537 995 594 Argo-

256 595 507 638 nautarum
539 599 586 650 2,
614 600 668 638 13

196 652 489 709 Ascalaphus
571 666 627 696 ex
705 653 996 700 Orchomeno

257 711 539 756 Graecorum
571 712 665 756 dux
699 718 773 770 17,
802 718 855 757 15

196 771 424 815 Ascanius
464 784 489 814 e
526 771 736 830 Phrygia
775 772 997 818 Troiano·

256 845 360 873 rum
392 830 486 874 dux
519 835 596 886 23,
625 836 647 874 1

198 888 312 932 Asia
335 902 517 946 semper
543 889 594 933 in
625 889 807 934 desidia
838 890 929 935 fuit
953 893 1001 936 et

258 948 318 991 ob
357 947 407 991 id
454 947 649 993 classem
694 962 788 993 non
833 949 1002 995 habuit

258 1012 307 1062 8,
333 1011 388 1050 22

198 1065 336 1110 Asius
369 1066 426 1110 de
457 1066 666 1124 Phrygia
693 1067 1001 1113 Troianorum

258 1124 352 1168 dux
385 1130 461 1180 22,
491 1130 544 1170 16

199 1184 514 1240 Asteropaeus
539 1198 596 1228 ex
619 1185 824 1230 Paeonia
841 1186 1001 1230 Troia·

259 1255 425 1286 norum
449 1242 542 1287 dux
572 1249 643 1300 23,
663 1250 685 1288 1
734 1245 792 1289 ab
816 1245 1001 1290 Achille

262 1300 489 1346 occiditur
521 1308 597 1358 26,
624 1308 678 1346 21

199 1359 443 1416 Astyanax
465 1361 680 1406 Hectoris
711 1362 835 1407 filius
868 1367 946 1419 29,
973 1369 999 1407 9

199 1418 412 1463 Athenae
448 1425 523 1475 17,
550 1427 601 1464 11
638 1426 713 1477 23,
743 1427 794 1465 11
836 1424 999 1479 portus

262 1482 338 1533 13,
363 1484 419 1522 26
474 1479 542 1524 ibi
581 1480 779 1524 historia
813 1481 999 1526 Daretis

258 1537 452 1581 inventa
469 1540 540 1583 est
565 1543 604 1595 1,
623 1544 646 1583 1
680 1539 747 1583 ibi
771 1540 999 1584 Homerus

259 1610 343 1651 pro
375 1596 542 1642 insano
571 1597 762 1642 habitus
798 1605 843 1654 1,
871 1604 924 1642 15

200 1655 448 1712 augurium
481 1661 559 1712 20,
587 1663 640 1701 13
674 1662 753 1712 36,
780 1663 834 1701 23

200 1713 354 1769 Aulis,
398 1728 453 1758 eo
496 1714 662 1760 Graeci
702 1718 1000 1761 revertuntur

261 1778 422 1828 20,14

201 1831 368 1876 Boetes
400 1834 460 1877 ab
491 1833 690 1878 Hectore
725 1834 999 1878 interfectus

261 1895 420 1944 25‚2ss

198 1949 393 1993 Boeotia
426 1956 473 2005 7,
502 1955 526 1994 7
562 1956 638 2006 17,
666 1956 721 1995 14

199 2007 411 2052 Briseida
442 2009 721 2054 describitur
754 2016 830 2066 17,
858 2016 882 2054 7

201 2067 424 2111 Bucolion
447 2069 665 2125 princeps
692 2069 999 2114 Troianorum

261 2130 361 2181 8,5

199 2184 459 2240 Buprasion
493 2191 568 2241 17,
597 2192 650 2230 19

201 2241 397 2288 Calchas
430 2245 670 2289 Thestoris
713 2245 835 2289 filius
866 2248 998 2290 vates

260 2307 337 2358 20,
366 2309 388 2347 1
434 2303 702 2348 Calchantis
726 2318 998 2362 responsum

260 2366 343 2417 36,
371 2367 425 2406 23
461 2367 538 2418 51,
570 2368 595 2406 5

201 2418 411 2476 Calydna
445 2426 519 2476 18,
547 2426 572 2465 5

202 2476 340 2522 Caria
372 2485 448 2534 22,
477 2486 531 2523 16

202 2535 463 2581 Cassandra
492 2538 668 2582 Priami
699 2538 797 2582 filia
815 2545 855 2595 6,
872 2545 900 2583 4
931 2539 998 2583 in-

258 2596 516 2641 fortunium
540 2598 825 2642 vaticinatur
842 2597 998 2642 Troia-

259 2654 331 2698 nis
343 2656 518 2700 bellum
530 2670 634 2700 cum
644 2655 831 2700 Graecis
843 2659 998 2714 gestu-

258 2714 322 2757 ris
343 2720 412 2771 11,
429 2720 455 2758 2
490 2728 518 2758 a
538 2714 724 2759 Priamo
745 2715 1000 2759 includitur

263 2779 338 2828 13,
377 2779 431 2818 15
502 2774 780 2818 describitur
824 2778 902 2830 15,
945 2778 998 2816 17

260 2832 402 2875 Troia
440 2835 580 2888 capta
617 2832 667 2875 in
705 2833 883 2889 templo
914 2831 1001 2875 Mi-

260 2904 430 2934 nervae
478 2905 525 2935 se
574 2891 779 2935 occultat
823 2896 901 2946 49,
943 2895 998 2934 21

259 2948 479 2994 libertate
498 2950 698 2994 donatur
719 2955 789 3005 50,
810 2955 863 2993 16
896 2963 1000 2993 cum

576 180 771 224 INDEX
802 179 1101 226 NOMINUM
1130 180 1210 225 ΕΤ
1241 181 1471 226 RERUM.

1103 299 1280 344 Heleno
1322 298 1689 344 Cherronensum
1718 298 1844 357 petit

1105 363 1263 413 51,21

1044 417 1208 462 Castor
1253 432 1358 461 cum
1402 417 1602 462 Hercule
1649 417 1838 462 Troiam

1104 478 1343 533 expugnat
1373 481 1415 532 4,
1436 481 1489 520 15
1528 490 1611 521 rex
1633 475 1839 521 Achaiae

1105 540 1155 591 7,
1190 540 1244 579 15
1292 535 1339 579 C.
1373 537 1422 579 et
1443 535 1611 580 Pollux
1641 548 1838 579 evanue-

1099 595 1210 638 runt
1242 599 1312 651 14,
1343 599 1371 638 4
1395 593 1672 638 describitur
1697 596 1768 651 14,
1787 598 1843 638 13

1042 652 1385 698 Cherronensus
1418 658 1495 710 52,
1522 659 1545 697 1

1043 711 1233 757 Ciconia
1256 717 1335 768 22,
1374 717 1428 757 18

1044 771 1356 828 Clytemestra
1389 777 1466 827 11,
1500 775 1557 816 24

1046 829 1229 886 Colchi,
1269 844 1322 875 eo
1355 830 1538 876 accedit
1567 831 1703 875 Iason
1734 843 1840 874 cum

1106 890 1242 934 sociis
1275 894 1323 943 2,
1351 894 1375 933 7

1046 948 1337 1006 Colophonia
1368 954 1445 1005 22,
1473 953 1526 992 15

1046 1007 1263 1052 Cormum
1299 1012 1375 1064 23,
1402 1013 1427 1052 9

1046 1065 1184 1111 Creta
1217 1072 1293 1123 18,
1319 1071 1344 1110 6

1047 1126 1253 1182 Cupesus
1278 1125 1335 1170 de
1353 1125 1516 1170 Larisa
1535 1125 1842 1170 Troianorum

1102 1184 1197 1228 dux
1229 1189 1388 1240 22‚1s

1048 1242 1238 1300 Cyphus
1272 1249 1348 1299 19,
1374 1249 1400 1287 3

1047 1301 1277 1358 Cytherea
1306 1302 1461 1346 insula
1494 1307 1569 1357 11,
1595 1307 1649 1347 19
1685 1307 1760 1357 12,
1788 1307 1842 1346 10

1045 1360 1254 1406 Dardani
1279 1367 1348 1418 14,
1369 1367 1423 1405 12
1454 1361 1692 1405 Dardania
1706 1362 1849 1418 porta

1105 1420 1272 1465 Troiae
1305 1426 1352 1477 6,
1381 1425 1436 1464 14
1902 1441 1908 1445 κ

1044 1479 1191 1523 Dares
1244 1479 1477 1536 Phrygius
1540 1478 1726 1536 scripsit
1783 1478 1848 1523 de·

1105 1538 1230 1583 bello
1254 1538 1379 1583 inter
1394 1537 1595 1582 Graecos
1619 1540 1668 1582 et
1682 1536 1849 1582 Troia--

1106 1611 1190 1641 nos
1221 1599 1375 1655 gesto,
1419 1597 1509 1641 fide
1541 1595 1849 1654 dignissimus

1109 1662 1129 1699 1
1144 1692 1154 1711 ,
1198 1661 1249 1700 11
1311 1655 1539 1700 militavit
1582 1668 1728 1711 usque
1781 1654 1847 1698 ad

1105 1715 1291 1759 Troiam
1323 1716 1511 1771 captam
1543 1719 1619 1770 14,
1644 1720 1670 1758 9
1727 1714 1852 1758 urbe

1105 1775 1245 1832 capta
1273 1775 1439 1818 Troiae
1470 1771 1694 1817 remansit
1725 1777 1796 1828 52,
1813 1776 1852 1815 4

1045 1833 1318 1890 Deiphobus
1359 1831 1535 1876 Priami
1576 1831 1699 1875 filius
1740 1835 1788 1886 6,
1814 1835 1844 1874 3

1103 1892 1359 1936 Alexandri
1397 1891 1640 1935 consilium
1672 1889 1845 1947 probat

1105 1956 1160 2006 9,
1210 1955 1262 1994 13
1348 1949 1626 1993 describitur
1689 1952 1766 2004 15,
1813 1953 1843 1991 4

1105 2009 1329 2053 exercitui
1376 2007 1645 2065 praeficitur
1694 2011 1750 2050 23
1765 2041 1776 2062 ,
1815 2011 1840 2050 7

1105 2083 1133 2112 a
1156 2067 1406 2111 Palamede
1435 2066 1740 2111 obtruncatur
1770 2069 1844 2121 34,

1045 2185 1240 2243 Delphis
1273 2184 1511 2229 oraculum
1543 2185 1644 2228 erat
1665 2181 1850 2240 Apolli--

1104 2245 1177 2288 nis
1211 2249 1287 2299 19,
1317 2249 1368 2287 13

1044 2303 1350 2360 Demophoon
1375 2301 1544 2346 Thesei
1569 2299 1693 2344 filius
1724 2303 1794 2356 24,
1812 2304 1851 2343 4

1044 2421 1223 2465 Dianae
1260 2420 1421 2463 fanum
1463 2423 1538 2474 12,
1563 2423 1588 2461 3
1618 2422 1670 2460 12
1711 2421 1788 2471 20,
1815 2421 1842 2459 7

1045 2479 1293 2524 Diomedes
1317 2493 1373 2522 ex
1395 2477 1534 2534 Argis
1560 2476 1847 2520 Graecorum*

1105 2539 1199 2582 dux
1240 2543 1316 2592 13,
1342 2542 1395 2580 21
1441 2540 1516 2590 19,
1544 2540 1566 2578 1
1622 2532 1842 2577 describi-

1103 2599 1180 2640 tur
1235 2602 1311 2651 16,
1357 2601 1410 2640 19
1479 2592 1739 2649 Antiphum
1793 2592 1844 2635 et

1102 2654 1350 2698 Mesthlem
1418 2651 1590 2697 occidit
1657 2650 1736 2701 26,
1783 2654 1850 2692 22

1101 2714 1287 2770 legatus
1319 2726 1423 2756 cum
1453 2709 1588 2754 Ulixe
1620 2708 1680 2752 ad
1711 2707 1840 2751 Pria·

1102 2787 1230 2815 mum
1252 2771 1458 2815 mittitur
1490 2774 1567 2823 20,
1592 2772 1647 2810 25
1679 2771 1757 2822 27,
1785 2771 1838 2810 13

1105 2845 1210 2874 cum
1255 2829 1390 2873 Ulixe
1444 2830 1492 2872 et
1535 2827 1732 2870 Nestore
1779 2823 1839 2868 ad

1102 2888 1334 2933 Achillem
1388 2893 1464 2940 36,
1506 2891 1531 2929 2
1598 2897 1627 2927 a
1679 2882 1848 2927 Troilo,

1104 2948 1375 2992 vulneratur
1406 2951 1484 3000 37,
1510 2950 1550 2988 8-
