1956 3178
174 111 274 164 112
689 111 908 155 moi-rs
939 79 1302 155 cRETENffls

171 237 476 307 rigentique
531 254 720 288 manus
775 254 1091 305 responsum
1138 237 1205 289 ab
1262 253 1325 290 eo
1372 236 1610 290 humana
1650 255 1781 291 voce

172 307 483 360 sceleratam
538 306 846 359 huiusmodi
901 307 1336 360 coniunctionem
1401 307 1599 376 quippe
1649 307 1784 361 eius-

173 379 293 431 dem
331 376 609 456 sanguinis
657 381 816 446 atque
868 378 1118 447 originis:
1165 395 1397 446 namque
1445 395 1510 430 ex
1553 395 1616 430 60
1654 377 1783 431 6116-

172 466 292 500 rum
330 448 547 499 611611118
586 465 749 516 opera
795 448 1153 500 interiturum.
1229 448 1352 501 dein
1399 447 1635 500 versanti
1681 448 1784 502 sibi
1837 484 1843 488 -
1892 443 1908 489 3¹²·

128 534 150 566 5
175 518 544 570 vehementius
583 518 926 587 cupientique
964 536 1177 571 causam
1221 519 1334 570 eius
1371 519 1449 570 rei
1485 517 1784 586 perdiscere

173 589 388 658 signum
436 587 703 656 quoddam
762 590 898 641 mari
955 589 1156 641 editum
1210 589 1534 641 intervenire
1580 588 1802 642 visum:

102 673 108 676 ·
172 658 333 727 idque
371 658 663 711 secundum
688 659 974 727 imperium
1003 659 1115 712 eius
1152 659 1210 711 in
1248 678 1303 712 se
1340 659 1555 727 iactum,
1582 661 1783 712 utrum·

173 747 277 798 que
316 728 622 782 diiunxisse.
697 748 857 798 quam
907 748 1020 782 rem
1067 730 1246 782 cuncti
1284 730 1377 798 qui
1414 729 1638 782 aderant
1672 747 1782 783 11110

173 817 264 852 016
303 799 574 852 exitialem
598 801 955 868 pronuntiant
992 800 1314 869 adduntque,
1353 802 1565 852 caveret
1599 799 1666 852 ab
1703 799 1784 852 in-

109 890 151 922 10
173 869 321 922 8111118
358 869 471 923 filii.
544 888 641 934 quo
690 888 813 923 casu
851 874 1126 939 suspectus
1154 870 1392 939 parentis
1429 871 1609 922 animo
1635 869 1784 922 Tele-

173 939 392 992 machus
438 940 581 1011 agris
650 941 742 1009 qui
789 941 848 992 in
897 940 1222 1010 Cephalenia
1280 944 1454 1007 erant,
1514 939 1784 1010 relegatur

173 1010 365 1062 additis
404 1011 452 1062 ei
491 1029 652 1078 quam
676 1011 945 1064 fidissimis
985 1011 1318 1064 custodibus:
1357 1013 1632 1079 praeterea
1668 1008 1782 1062 Uli-

171 1098 264 1132 xes
311 1080 560 1133 secedens
606 1081 664 1132 in
711 1082 816 1133 alia
861 1082 981 1134 loca
1036 1081 1217 1134 abdita
1261 1083 1572 1149 remotaque
1618 1097 1783 1148 quan-

172 1155 287 1203 tum
325 1154 538 1218 poterat
574 1152 904 1204 somniorum
942 1152 1052 1204 vim
1090 1152 1289 1204 evitare
1326 1151 1612 1203 nitebatur.

110 1239 152 1272 15
314 1220 434 1273 XV.
509 1220 614 1273 Per
649 1222 791 1274 idem
827 1225 1039 1291 tempus
1065 1222 1395 1292 Telegonus,
1435 1239 1593 1289 quem
1630 1219 1782 1274 Circe

174 1291 374 1343 editum
422 1309 486 1343 ex
524 1290 683 1344 Ulixe
731 1292 871 1361 apud
910 1299 1134 1345 Aeaeam
1181 1292 1413 1344 insulam
1451 1290 1782 1360 educaverat,

172 1361 266 1413 ubi
303 1360 552 1430 adolevit,
592 1362 659 1414 ad
694 1362 1100 1431 inquisitionem
1142 1363 1310 1431 patris
1343 1361 1615 1430 profectus
1639 1360 1785 1414 Itha-

174 1449 290 1484 cam
337 1431 486 1484 venit
551 1449 741 1501 gerens
787 1433 1036 1485 manibus
1092 1432 1359 1502 quoddam
1413 1431 1634 1499 hastile,
1697 1431 1784 1483 cui

174 1502 450 1554 summitas
486 1503 723 1555 marinae
769 1504 992 1555 turturis
1040 1521 1156 1556 osse
1203 1503 1533 1555 armabatur:
1582 1501 1785 1554 scilicet

108 1591 151 1622 20
173 1572 385 1642 insigne
422 1572 629 1625 insulae
678 1573 791 1626 eius
837 1575 896 1626 in
931 1592 1036 1642 qua
1072 1574 1285 1644 genitus
1324 1576 1461 1625 erat:
1501 1572 1624 1624 dein
1662 1570 1783 1624 edo-

175 1645 307 1710 61118,
346 1643 439 1694 ubi
477 1642 664 1695 Ulixes
702 1648 908 1713 ageret,
948 1645 1014 1696 ad
1051 1662 1173 1696 eum
1209 1643 1373 1696 venit.
1449 1642 1526 1694 ibi
1562 1659 1658 1710 per
1695 1659 1782 1694 cu-

174 1712 352 1765 stodes
390 1713 506 1782 agri
531 1714 706 1780 patrio
746 1715 892 1766 aditu
928 1714 1246 1782 prohibitus,
1283 1714 1376 1766 ubi
1413 1712 1782 1765 vehementius

174 1786 378 1850 perstat
425 1786 479 1835 et
525 1801 552 1834 6
592 1783 798 1836 diverso
846 1785 1147 1852 repellitur,
1197 1785 1426 1836 clamare
1471 1782 1668 1850 occipit
1693 1782 1780 1834 in-

175 1852 399 1922 dignum
446 1853 652 1906 facinus
708 1855 982 1922 prohiberi
1004 1866 1007 1867 ’
1029 1873 1083 1907 86
1131 1873 1163 1906 6
1207 1854 1444 1922 parentis
1483 1851 1780 1932 complexu,
1837 1887 1840 1890 -
1908 1880 1911 1881 ⁷

111 1940 153 1973 25
175 1924 252 1975 ita
289 1923 488 1975 credito
515 1923 892 1977 Telemachum
924 1925 990 1977 ad
1027 1924 1360 1976 inferendam
1397 1924 1507 1975 vim
1543 1939 1659 1992 1681
1695 1922 1783 1974 ad-

174 1996 394 2046 ventare
455 1994 627 2046 acrius
674 1995 964 2048 resistitur:
1010 1995 1148 2047 nulli
1196 1995 1392 2063 quippe
1450 1994 1782 2061 compertum

176 2081 288 2115 esse
326 2064 555 2115 alterum
601 2065 761 2118 etiam
809 2065 958 2118 Ulixi
1003 2065 1190 2117 filium.
1273 2064 1396 2116 dein
1443 2062 1651 2115 iuvenis
1688 2062 1782 2114 ubi

175 2151 231 2185 se
270 2133 639 2187 vehementius
678 2139 731 2187 61
766 2154 863 2204 per
887 2137 996 2188 vim
1034 2135 1222 2203 repelli
1259 2134 1419 2201 videt,
1458 2133 1641 2185 dolore
1679 2131 1781 2184 ela-

175 2206 263 2255 tus
307 2203 506 2255 multos
555 2205 834 2258 custodum
883 2206 1137 2258 interficit
1181 2208 1275 2257 aut
1320 2203 1553 2275 graviter
1597 2202 1782 2254 vulne-

115 2290 157 2323 30
179 2276 323 2326 16108
362 2272 618 2327 debilitat.
695 2293 830 2343 quae
867 2279 1152 2344 postquam
1191 2274 1340 2327 Ulixi
1386 2273 1604 2342 cognita
1639 2274 1780 2339 sunt,
1849 2312 1854 2315 .
1901 2272 1909 2307 f

179 2343 488 2396 existimans
535 2344 783 2398 iuvenem
831 2365 863 2398 a
899 2346 1217 2398 Telemacho
1266 2345 1563 2397 immissum
1610 2359 1781 2412 68168-

177 2432 264 2466 8118
310 2414 551 2467 lanceam
609 2434 769 2484 quam
817 2417 885 2468 ob
933 2416 1158 2468 tutelam
1204 2416 1285 2467 sui
1333 2431 1516 2484 gerere
1565 2429 1783 2465 consue·
1857 2431 1863 2433 “

290 2601 371 2641 XV
405 2600 598 2646 Cedren.
629 2604 666 2644 P
701 2604 792 2644 133.

291 2770 316 2809 9
348 2770 580 2812 exitialem
613 2771 655 2811 ci
687 2771 725 2810 P
847 2771 899 2810 10
937 2781 1023 2821 quo
1063 2781 1140 2809 om.
1183 2766 1276 2816 GB,
1316 2767 1438 2807 addit
1475 2767 1543 2809 ed.
1581 2765 1785 2816 princeps

180 2825 232 2864 16
271 2826 391 2877 apud
431 2839 534 2868 eam
581 2826 657 2868 GB
695 2840 809 2868 corr.
857 2826 978 2868 editt.
1015 2829 1115 2868 uett,
1258 2824 1313 2863 25
1360 2820 1533 2863 credito
1575 2820 1631 2872 G,
1673 2819 1787 2873 quod

185 2879 435 2934 Vindinyius
463 2886 701 2936 suspicatus
731 2889 826 2923 erat
856 2881 1076 2922 creditum
1106 2879 1148 2920 B
1175 2877 1182 2932 Ι
1207 2878 1470 2932 telegonum
1498 2876 1541 2916 B
