1956 3178
1579 0 1602 6 ²⁷
1635 1 1651 25 ις
1732 0 1859 37 ἤιξ’,

307 103 375 156 66
820 108 887 149 DI
890 106 1040 150 c'rYs
1071 107 1407 154 CRETENSIS

307 229 626 284 desiderium
674 249 852 283 rerum
909 231 1229 301 alienarum,
1286 252 1461 304 neque
1519 237 1588 290 ob
1634 238 1916 303 mulierem

306 301 479 353 solum
526 319 712 369 unam,
770 301 862 353 sed
906 303 1061 354 Atrei
1116 306 1275 372 atque
1322 305 1538 375 Pelopis
1586 306 1785 362 divitiis
1830 310 1916 362 in-

305 371 516 423 hiantes
563 374 777 440 raptum
822 390 906 425 res
951 391 1099 426 more
1135 374 1411 428 incondito
1458 378 1776 444 perrexisse:
1813 397 1913 448 pro

306 442 424 510 quis
469 441 851 510 aequissimum
898 460 1010 495 esse
1069 444 1329 497 eiusmodi
1374 464 1575 515 poenas
1620 448 1706 500 vel
1752 449 1914 503 etiam

262 527 282 558 5
305 511 578 581 graviores
616 511 864 580 pendere.
938 531 1170 582 namque
1208 514 1275 566 ad
1320 515 1374 567 id
1419 520 1630 586 tempus
1677 518 1913 573 Graecos

304 585 508 634 secutos
551 600 755 634 morem
791 583 850 634 in
894 583 1049 636 bellis
1088 584 1374 655 optimum,
1420 605 1782 657 quoscumque
1817 590 1912 642 ho-

305 652 466 704 stium
503 669 689 722 pugna
714 653 1014 722 conficeret,
1053 655 1357 723 sepulturae
1382 658 1659 711 restituere
1697 659 1911 712 solitos:

303 726 490 775 contra
525 722 814 776 Hectorem
850 741 1252 794 supergressum
1291 726 1640 781 humanitatis
1675 729 1910 798 modum,

301 792 610 846 Patroclum
659 795 862 862 eripere
908 795 1114 862 proelio
1153 814 1363 865 ausum,
1411 798 1615 851 scilicet
1659 799 1726 851 ad
1772 799 1911 852 inlu-

238 880 279 911 10
303 862 531 915 dendum
559 881 620 916 ac
656 864 980 916 foedandum
1006 865 1228 918 cadaver
1264 867 1401 919 eius:
1441 868 1584 936 quod
1609 870 1911 938 exemplum

299 934 489 1000 poenis
527 952 588 986 ac
626 934 900 1002 suppliciis
939 952 1124 987 eorum
1161 936 1472 1006 eluendum,
1519 942 1580 991 ut
1618 939 1809 993 Graeci
1845 957 1908 993 ac

300 1004 535 1072 reliquae
572 1004 797 1072 posthac
835 1007 1022 1074 gentes
1059 1024 1320 1059 memores
1358 1008 1581 1061 ultionis
1628 1009 1740 1061 eius
1797 1027 1910 1062 mo-

299 1091 517 1141 remque
554 1074 820 1126 humanae
868 1075 1190 1128 conditionis
1236 1080 1530 1130 tuerentur.
1612 1097 1725 1132 non
1763 1080 1908 1132 enim

298 1143 539 1196 Helenae
593 1161 768 1213 neque
824 1144 1058 1197 Menelai
1126 1148 1300 1216 gratia
1366 1149 1655 1201 exercitum
1709 1149 1909 1202 relictis

235 1231 276 1263 15
300 1214 512 1266 sedibus
549 1215 892 1283 parvulisque
928 1215 1116 1283 procul
1153 1218 1220 1268 ab
1259 1217 1418 1270 domo
1429 1260 1443 1286 ‚
1493 1221 1775 1272 cruentum
1810 1237 1910 1273 suo

298 1285 588 1353 hostilique
623 1286 884 1354 sanguine
922 1286 1063 1338 inter
1092 1286 1208 1354 ipsa
1233 1288 1359 1340 belli
1386 1289 1692 1342 discrimina
1726 1289 1907 1342 huius-

298 1355 443 1406 modi
481 1355 728 1407 militiam
775 1356 1027 1423 tolerare,
1075 1356 1167 1408 sed
1205 1375 1397 1425 cupere
1440 1359 1740 1427 dinoscere,
1789 1361 1907 1412 bar-

297 1424 483 1477 barine
533 1424 792 1478 Graecine
847 1444 1054 1477 summa
1107 1444 1285 1479 rerum
1338 1428 1667 1496 potirentur:
1724 1446 1908 1498 quam-

300 1512 459 1562 quam
507 1495 702 1547 iustam
758 1513 971 1547 causam
1026 1496 1191 1549 fuisse
1247 1497 1514 1550 inferendi
1569 1499 1697 1551 belli
1745 1499 1907 1552 etiam

233 1582 275 1614 20
295 1583 393 1633 pro
433 1565 672 1618 muliere.
748 1583 979 1634 namque
1029 1567 1109 1618 uti
1154 1567 1257 1635 ipsi
1303 1572 1461 1636 raptu
1498 1586 1675 1621 rerum
1711 1569 1908 1622 aliena-

298 1653 417 1687 rum
464 1636 819 1703 laetarentur,
876 1636 953 1688 ita
998 1637 1226 1688 maxime
1274 1637 1446 1690 dolori
1492 1656 1605 1691 esse
1653 1638 1763 1708 his,
1811 1639 1905 1708 qui

297 1706 587 1757 amiserint.
672 1706 739 1757 ad
783 1706 916 1758 haec
970 1707 1140 1759 multa
1194 1707 1430 1760 infausta
1485 1708 1930 1778 detestandaque

295 1776 562 1843 inprecari
611 1776 1032 1843 confirmareque
1090 1794 1145 1828 se
1193 1781 1351 1846 capto
1399 1778 1501 1831 Ilio
1548 1782 1671 1832 ante
1718 1796 1904 1832 omnes

294 1846 435 1897 tanti
493 1845 709 1898 admissi
766 1863 967 1914 poenas
1022 1847 1282 1916 sanguine
1339 1848 1451 1900 eius
1506 1851 1775 1917 expetere,
1834 1849 1904 1901 ob

231 1933 273 1966 25
297 1933 458 1983 quam
494 1916 667 1984 patria
705 1916 1124 1984 parentibusque
1163 1934 1346 1969 carens
1384 1917 1693 1971 Patroclum
1741 1920 1903 1972 etiam

295 1985 599 2038 solitudinis
638 2004 762 2038 suae
800 1986 1044 2038 levamen
1082 1988 1374 2039 maximum
1421 1989 1672 2040 amiserit.

435 2055 633 2108 XXIV.
696 2056 839 2108 Dein
877 2057 1215 2109 consiliatum
1254 2075 1375 2110 cum
1402 2057 1719 2126 supradictis
1757 2058 1900 2111 duci·
1946 2094 1956 2126 5

272 2126 393 2176 vbus
440 2126 635 2194 surgit:
695 2126 813 2193 quis
863 2127 1110 2178 omnibus
1168 2145 1277 2179 una
1331 2130 1490 2196 atque
1543 2128 1727 2180 eadem
1784 2146 1900 2181 sen-

294 2195 464 2247 tentia
511 2199 615 2264 est,
672 2196 876 2247 scilicet
926 2197 1006 2247 uti
1054 2198 1286 2265 acceptis
1334 2215 1471 2266 quae
1518 2198 1679 2250 allata
1725 2201 1902 2252 essent

229 2281 271 2314 30
297 2283 489 2333 corpus
528 2266 768 2318 exanime
806 2266 1132 2318 concederet.
1207 2267 1351 2334 quod
1387 2268 1480 2320 ubi
1518 2268 1646 2320 satis
1680 2268 1899 2337 placuit,
1952 2308 1956 2310 -

296 2336 495 2404 singuli
533 2336 598 2387 ad
624 2354 719 2387 sua
755 2336 988 2387 tentoria
1013 2335 1304 2389 discedunt.
1367 2356 1596 2406 moxque
1624 2337 1900 2406 Polyxena

293 2407 535 2474 ingresso
582 2405 794 2458 Achille
843 2405 1099 2457 obvoluta
1144 2408 1371 2475 genibus
1419 2408 1531 2459 eius
1568 2411 1758 2475 sponte
1795 2425 1900 2460 ser·
1948 2427 1956 2459 ῖ

294 2475 485 2527 vitium
524 2477 606 2528 sui
643 2494 740 2544 pro
779 2475 1115 2527 absolutione
1142 2477 1410 2529 cadaveris
1433 2477 1732 2545 pollicetur.
1790 2482 1922 2545 quo
1953 2516 1956 2521 ·

295 2547 597 2613 spectaculo
637 2547 768 2598 adeo
807 2548 1101 2597 commotus
1139 2546 1373 2614 iuveniS‚
1413 2550 1474 2599 ut
1510 2547 1603 2614 qui
1647 2547 1900 2599 inimicis·
1950 2555 1956 2617 ,ᾖ

229 2629 271 2662 35
295 2615 460 2668 simus
510 2617 577 2668 ob
633 2622 859 2668 mortem
904 2614 1138 2667 Patrocli
1193 2615 1407 2669 Priamo
1465 2617 1682 2684 eiusque
1728 2633 1897 2687 regno
1946 2640 1948 2642 ’

404 2773 429 2811 2
473 2771 603 2812 Atrei
649 2777 785 2825 atque
834 2773 871 2812 P
941 2775 1180 2823 catratque
1233 2772 1269 2812 G
1318 2785 1394 2813 om.
1441 2773 1481 2812 B
1621 2773 1646 2812 6
1694 2772 1777 2813 hos
1817 2772 1899 2813 GB

290 2825 486 2867 hostium
522 2829 558 2867 P
613 2828 818 2869 homines
848 2829 1009 2878 Peiper
1124 2830 1175 2868 17
1206 2828 1374 2868 militia
1406 2829 1441 2869 G
1498 2828 1667 2869 milicie
1694 2827 1735 2867 B
1761 2826 1768 2881 Ι
1793 2829 1896 2870 bar·
1948 2847 1956 2879 ·.'

291 2883 480 2924 barinae
511 2885 727 2936 grecinae
763 2885 798 2925 G
912 2883 965 2925 26
997 2883 1300 2924 solicitudinis
1332 2886 1382 2925 P.
1952 2895 1956 2898 ·
