1956 3178
406 146 485 190 DE
518 144 766 191 EXCIDIO
801 144 1028 190 TR-OIAE
1067 143 1369 190 HISTORIA.
1642 145 1715 198 45

0 319 3 334 Ἴ,
68 271 240 322 vocat.
288 267 379 337 qui
411 267 819 336 postulaverunt
848 266 946 319 sibi
974 266 1227 336 loquendi
1250 265 1562 318 facultatem
1587 265 1716 323 dari

0 375 3 377 -
67 342 217 395 iubet
256 341 332 394 eis
374 340 568 409 dicere,
615 340 743 410 quid
783 340 1098 393 desiderent.
1167 339 1415 392 Antenor
1453 326 1717 392 memorat

66 415 337 485 principes
362 415 669 468 defensores
693 413 885 468 Troiae
908 413 1198 467 Hectorem
1223 417 1534 483 ceterosque
1559 416 1716 466 natos

68 490 183 542 eius
216 506 335 542 cum
370 489 588 541 advenis
628 488 937 542 ductoribus
975 487 1285 541 interfectos
1319 505 1456 555 esse,
1496 486 1716 557 Argivis

67 581 344 616 remanere
374 562 700 616 fortissimos
732 562 1200 633 Agamemnonem
1231 561 1537 614 Menelaum
1576 559 1716 614 Neo·
1743 576 1761 606 5

66 637 364 706 ptolemum
402 654 514 690 non
559 636 736 690 minus
785 636 980 690 fortem
1027 654 1189 706 quam
1238 639 1392 705 pater
1437 636 1550 688 eius
1601 635 1718 701 fuit,

68 709 368 763 Diomeden
447 709 668 763 Aiacem
743 710 973 763 Locrum
1051 714 1361 779 ceterosque
1435 710 1717 779 conplures

68 801 414 854 summaeque
491 784 805 852 prudentiae
875 782 1161 836 Nestorem
1237 783 1433 837 Ulixen
1449 826 1462 852 ,
1532 786 1719 836 contra

66 857 331 912 Troianos
393 858 601 910 clausos
664 862 718 910 et
779 861 926 910 metu
980 858 1241 910 contritos
1302 875 1431 910 esse.
1531 857 1719 910 suadet

66 932 249 1001 potius
311 949 450 999 esse,
511 935 573 984 ut
632 930 841 985 Helena
901 931 988 984 his
1042 931 1295 984 reddatur
1357 935 1412 984 et
1465 949 1528 984 ea
1583 949 1717 1000 quae
1747 947 1785 976 ιι)

68 1005 375 1059 Alexander
421 1023 543 1059 cum
590 1006 748 1059 sociis
796 1006 1093 1059 abstulerat
1138 1009 1192 1058 et
1237 1024 1343 1074 pax
1381 1006 1488 1058 fiat.
1572 1009 1719 1073 post-

69 1098 233 1150 quam
294 1079 478 1136 multis
540 1080 716 1133 verbis
779 1080 843 1137 de
905 1097 1034 1148 pace
1099 1080 1433 1133 concilianda
1491 1084 1719 1147 eyerunt‚

70 1154 247 1224 surgit
299 1153 728 1222 Amphimachus
789 1154 931 1206 filius
986 1152 1190 1206 Priami
1243 1154 1557 1206 adulescens
1611 1153 1718 1206 for-

69 1228 335 1295 tissimUS‚
373 1228 530 1280 malis
569 1228 746 1281 verbis
783 1227 1116 1280 Antenorem
1156 1227 1375 1281 adortus
1416 1230 1498 1280 est
1536 1230 1591 1280 et
1629 1245 1719 1280 eos

68 1302 165 1372 qui
219 1305 625 1369 consenserant,
690 1302 965 1370 increpare
1025 1301 1170 1354 facta
1235 1319 1441 1371 eorum,
1498 1301 1719 1354 suadere
1749 1317 1787 1346 15

69 1376 251 1446 potius
298 1375 629 1428 educendum
677 1377 990 1444 exercitum,
1036 1376 1402 1444 inruptionem
1439 1375 1500 1428 in
1544 1378 1721 1428 castra

69 1449 395 1517 faciendam,
441 1467 609 1519 usque
657 1450 783 1502 dum
830 1450 1050 1503 vincant
1089 1453 1183 1502 aut
1226 1450 1354 1502 victi
1399 1468 1497 1518 pro
1544 1449 1721 1518 patria

68 1524 408 1577 occumbant.
470 1526 759 1594 postquam
791 1524 837 1576 is
869 1524 1032 1576 finem
1063 1523 1210 1591 fecit,
1249 1522 1463 1576 Aeneas
1496 1523 1720 1594 exurgit,

71 1598 281 1650 lenibus
321 1597 647 1667 mitibusque
688 1598 843 1651 dictis
883 1597 1280 1666 Amphimacho
1319 1600 1613 1667 repugnat,
1653 1598 1720 1649 ab

70 1671 292 1742 Argivis
309 1688 496 1740 pacem
513 1672 799 1740 petendam
818 1689 1144 1743 magnopere
1163 1671 1373 1725 suadet:
1400 1671 1720 1741 Polydamas
1748 1688 1788 1716 2>

70 1745 261 1798 eadem
302 1744 503 1798 suadet.

222 1817 528 1872 XXXVIII.
612 1819 909 1890 Postquam
964 1819 1174 1872 dicendi
1226 1819 1349 1873 finis
1403 1819 1577 1872 factus
1626 1823 1722 1886 est,

197 1993 1552 2050 lquidLlsibil.f.dariFl....fdGomL
1696 2000 1721 2039 2

71 2067 155 2099 eos
195 2052 240 2098 G
275 2055 282 2109 1
321 2055 655 2098 commemorat
701 2053 745 2099 G
887 2059 912 2097 3
968 2052 1324 2110 defensoresque
1374 2053 1470 2098 LG
1509 2053 1516 2113 Ι
1556 2053 1723 2099 Troiae

72 2112 325 2157 Hectorem
356 2113 535 2156 ceteros
566 2125 650 2157 om.
682 2112 726 2156 L
761 2114 766 2167 Ι
803 2114 852 2157 et
881 2114 1017 2156 natos
1049 2112 1093 2155 L
1218 2117 1247 2156 4
1286 2127 1385 2158 esse
1417 2126 1501 2157 om.
1533 2113 1577 2156 L
1699 2120 1722 2157 5

75 2170 350 2274 lemtim}
369 2172 550 2284 {0⁸31ss
581 2170 738 2287 {fures
771 2177 814 2274 ἓ
849 2170 1075 2275 f⁰r¹⁵÷3⁵⁸e¹ss¹¹
1072 2171 1337 2275 1¹2¹&aner
1334 2172 1563 2287 ¹²¹⁸⁸2¹2u⁶³
1625 2179 1724 2276 enf-

71 2243 243 2346 (3ξέιὲ
271 2290 278 2343 l
305 2243 612 2332 suad‘ssrep
529 2302 664 2345 posse
694 2289 853 2346 potius
886 2288 929 2334 G
962 2290 1062 2345 (om.
1092 2292 1210 2348 esse)
1325 2244 1494 2335 ylonhis
1525 2247 1724 2348 etniluae

78 2347 139 2392 al.
189 2346 384 2391 abstulit
429 2347 684 2392 reddantur
730 2350 778 2393 et
825 2348 868 2392 G
998 2353 1051 2393 11
1090 2349 1266 2394 tulerat
1307 2349 1351 2392 L
1481 2355 1534 2394 12
1574 2350 1726 2395 multa

71 2406 225 2451 uerba
263 2405 306 2450 G
341 2407 346 2460 Ι
380 2405 592 2451 fecerunt
629 2406 672 2451 G
709 2408 830 2452 unde
868 2408 1034 2464 scripsi
1068 2411 1285 2501 εςθῃτὶιιιῠηιρ,
1328 2408 1654 2454 satisfecerunt
1682 2410 1725 2453 L

78 2514 136 2555 13
170 2508 460 2554 archimacus
492 2508 567 2564 L
562 2510 568 2537 ¹
596 2509 857 2555 adoliscens
889 2510 932 2554 L
1055 2515 1110 2555 14
1148 2511 1284 2584 malis
1325 2511 1367 2555 L
1395 2514 1400 2567 Ι
1430 2512 1622 2557 adorsus
1655 2515 1726 2558 est

562 2541 647 2602 'una

80 2614 177 2657 ant.
210 2610 254 2656 G
287 2614 292 2667 Ι
329 2612 461 2657 ethos
501 2612 582 2668 qui
619 2612 663 2656 L
701 2614 748 2657 et
787 2627 865 2658 eos
898 2613 978 2670 qui
1013 2627 1109 2658 una
1141 2617 1474 2660 consenserunt
1505 2614 1548 2660 G
1671 2622 1724 2660 15

81 2685 323 2742 increpare
355 2673 422 2730 eis
459 2685 555 2730 LG
581 2687 587 2741 Ι
615 2686 771 2743 coepit
800 2688 940 2745 uulyo
972 2688 1162 2732 additur
1196 2693 1300 2744 post
1331 2703 1491 2733 eorum
1526 2691 1532 2745 ξ
1567 2702 1723 2734 eorum

81 2746 131 2789 et
155 2743 198 2788 G
327 2749 381 2789 16
421 2744 733 2790 seducendum
772 2746 814 2789 L
946 2751 999 2791 18
1039 2747 1325 2792 obcumbant
1364 2747 1406 2792 G
1441 2750 1447 2805 Ι
1482 2748 1556 2793 his
1595 2749 1723 2807 LG}

72 2803 187 2857 fort.
218 2802 442 2860 loquendi
472 2803 611 2848 finem
638 2807 644 2858 Ι
672 2805 859 2863 exurgit
888 2805 1007 2850 lenis
1032 2821 1092 2850 m.
1119 2806 1274 2852 uerbis
1301 2806 1344 2851 G
1460 2813 1513 2852 19
1547 2809 1725 2865 amphi-

81 2875 268 2906 macum
305 2861 482 2907 refutat
518 2876 682 2919 pacem
722 2867 815 2920 pet.
850 2864 910 2908 ab
942 2865 1055 2909 Ach.
1090 2864 1133 2909 G
1260 2871 1317 2910 20
1356 2867 1610 2924 persuadet
1646 2868 1720 2911 L

75 2919 364 2977 Polydamas
397 2921 562 2966 eadem
593 2922 758 2968 suadet
789 2936 872 2967 om.
905 2922 948 2966 L
1068 2928 1123 2967 22
1158 2924 1262 2969 finis
1295 2925 1384 2970 dic.
1417 2925 1471 2970 G.
