1956 3178
206 171 387 229 vam
821 143 1239 201 PRAEFATIO.

211 293 443 362 primum
483 305 528 338 a.
571 282 714 336 1392
753 275 965 347 prodiit,
1002 275 1121 324 tum
1161 266 1372 335 saepius
1409 265 1575 315 manu
1613 260 1667 311 et
1709 252 1941 326 typis

214 363 510 430 exscriptus
558 359 658 409 est:
737 351 827 421 qui
873 366 995 402 cum
1041 342 1307 397 artissime
1354 335 1422 389 ad
1460 332 1760 387 Gnidonem
1798 338 1858 383 30
1887 323 1929 385 f'

217 435 542 504 adiungeret,
580 434 763 482 tamen
801 422 959 475 modo
1001 417 1163 472 semel
1203 414 1300 468 sub
1338 411 1501 463 finem
1512 405 1554 477 1>
1575 406 1722 458 110110
1741 402 1867 469 fon»,

216 517 341 578 tem,
382 506 592 575 saepius
630 501 744 571 „die
769 493 1032 564 meyster“
1068 489 1336 543 interdum
1359 483 1614 536 Daretem
1637 492 1863 545 comme-
1891 498 1938 532 ,ς

218 586 409 650 morat,
448 593 774 649 quamquam
811 569 951 622 unde
992 565 1253 634 originem
1297 554 1546 610 habuerit
1582 547 1867 620 compluri-
1912 590 1950 606 ,

219 660 321 711 bus
379 655 511 708 locis
567 650 705 702 male
766 641 1051 698 intellectis
1071 637 1113 708 2)
1174 634 1328 688 facile
1389 626 1613 682 iudicari
1672 623 1866 693 potest.
1919 642 1945 683 j

221 731 371 784 Libri
409 726 596 780 formis
636 719 814 775 excusi
851 715 1035 785 paucis
1073 711 1204 764 locis
1246 727 1272 770 e
1313 701 1558 759 Conrado
1598 699 1662 751 de
1685 696 1896 751 Virce-'

223 806 396 873 burgo
407 800 450 872 3)
481 797 674 867 expleti
714 797 766 846 et
802 786 1114 857 locupletati
1161 785 1299 836 sunt.
1346 778 1476 830 Fere
1516 773 1703 826 eodem
1738 772 1870 822 tem-
1910 804 1914 805 7
1950 763 1956 817 ζ

226 896 355 947 pore
380 873 693 928 Henricus
733 866 950 937 quidam
974 852 1460 913 Brunsvicensis
1498 843 1732 916 pedestri
1755 859 1873 895 ora·-

226 953 371 1004 tione
419 949 620 1001 bellum
659 941 951 993 Troianum
1001 930 1239 986 narravit
1290 930 1447 995 atque
1497 923 1574 974 ita
1625 920 1686 970 ut
1735 915 1872 970 Con-

228 1026 418 1078 radum
459 1020 514 1091 (i.
554 1038 595 1071 e.
636 1014 923 1086 genuinam
962 1010 1168 1077 partem
1206 1002 1330 1054 libri
1354 997 1505 1065 eius),
1541 998 1659 1046 tum
1698 991 1877 1042 autem

230 1099 323 1150 ubi
375 1097 462 1148 hic
521 1092 679 1145 desiit
739 1086 1038 1139 Guidonem
1090 1077 1410 1147 sequeretur.
1496 1067 1677 1122 Codex
1726 1063 1873 1115 extat

235 1190 369 1224 saec.
392 1167 494 1220 XV
518 1168 575 1218 in
612 1164 739 1216 bibl.
764 1156 1082 1212 Academiae
1098 1150 1340 1220 publicae
1366 1138 1879 1208 Senkenbergianae.
1942 1154 1956 1191 g

234 1245 422 1314 Neque
439 1241 693 1308 indignus
713 1237 794 1287 est
811 1232 901 1301 qui
919 1224 1367 1282 commemoretur
1382 1219 1520 1270 liber
1537 1232 1664 1267 msc.
1682 1210 1732 1264 S.
1747 1207 1828 1262 IV
1839 1207 1880 1260 4
1913 1216 1924 1262 '.
1947 1211 1956 1247 ’ῗ

236 1338 286 1387 p.
334 1318 402 1369 27
465 1331 597 1367 saec.
636 1309 738 1363 XV
784 1303 1030 1358 biblioth.
1083 1291 1520 1352 Vratislaviensis
1571 1285 1882 1356 oppidanae.

237 1393 303 1444 In
341 1389 576 1456 Anylia
613 1385 753 1436 hane
791 1378 1071 1432 materiam
1108 1371 1349 1424 versibus
1372 1362 1626 1418 tractavit
1662 1363 1883 1424 anonis·
1947 1375 1956 1422 ξ

240 1483 369 1518 mus
409 1456 692 1532 quidam4),
732 1455 879 1508 cuius
905 1467 1096 1519 poema
1121 1441 1340 1498 Oxfordi
1364 1438 1542 1509 (mser.
1572 1432 1738 1486 Laud.
1761 1427 1885 1497 395,
1927 1453 1956 1486 ·>·.

243 1539 351 1591 275
399 1533 565 1604 seqq.)
618 1530 946 1584 reservatum
1006 1515 1431 1590 splendidissime
1487 1509 1747 1576 scriptum
1791 1504 1888 1572 est,

243 1616 304 1664 ut
340 1611 463 1663 inde
504 1607 752 1674 colligere
791 1599 1059 1669 possimus
1102 1607 1308 1646 summo
1355 1587 1536 1638 favore
1582 1582 1685 1633 11οο
1721 1577 1889 1630 fuisse
1919 1586 1956 1638 Δξ

247 1687 543 1753 exceptum,
628 1679 816 1747 postea
886 1672 1101 1724 ineunte
1159 1682 1291 1718 saec.
1357 1657 1487 1711 XIV
1549 1656 1676 1708 Ioa.
1735 1648 1893 1718 Lyd·
1943 1655 1956 1678 ‘³

245 1756 435 1827 yate5)
459 1749 951 1824 praestantissimus
978 1738 1255 1796 Chaucerii
1286 1732 1574 1800 discipulus
1598 1723 1892 1780 monachus

251 1851 313 1884 ex
353 1830 536 1884 ordine
585 1824 756 1878 sancti
793 1817 1069 1873 Benedicti
1108 1813 1259 1881 (The
1282 1806 1559 1875 Hystoire,
1613 1799 1747 1869 Sege
1787 1794 1895 1849 and
1926 1825 1956 1850 ..a

250 1903 600 1973 Dystruction
654 1898 713 1950 of
767 1895 937 1961 Troye
990 1883 1285 1942 translated
1329 1883 1401 1948 by
1446 1877 1594 1930 John
1637 1870 1897 1941 Lydgate.
1920 1884 1935 1938 ſs

250 1979 470 2047 Pynson
518 1973 675 2027 1513.
722 1965 1077 2038 pulcherrima
1124 1963 1177 2011 et
1223 1953 1497 2009 rarissima
1542 1945 1728 2014 editio)
1768 1941 1896 1995 Gui-
1950 1950 1956 1958 “

254 2054 446 2105 donem
487 2047 739 2116 sequitur,
777 2043 853 2094 ita
891 2043 1075 2091 tamen
1112 2036 1172 2084 ut
1209 2024 1589 2095 francogallica
1627 2020 1740 2072 eius
1777 2032 1894 2069 ver·

258 2127 407 2178 sione
433 2127 485 2174 et
507 2119 797 2173 Benedicto
837 2116 955 2182 ipso
995 2127 1123 2161 usus
1165 2122 1280 2157 esse
1305 2093 1613 2163 videaturss).
1652 2091 1901 2146 Ceterum
1935 2098 1956 2153 J

259 2198 399 2269 quod
453 2213 573 2247 raro
628 2192 831 2243 factum
886 2203 1001 2238 esse
1055 2181 1294 2233 videmus
1347 2174 1435 2225 hic
1490 2168 1648 2222 modo
1701 2163 1903 2220 bellum
1952 2201 1956 2205 2

259 2273 550 2324 Troianum
590 2262 883 2330 descripsit,
922 2257 1151 2310 reditum
1198 2250 1523 2303 Graecorum
1570 2242 1629 2294 in
1673 2235 1905 2307 patriam
1926 2267 1956 2287 ω,

264 2364 414 2399 suam
466 2358 685 2411 prorsus
742 2334 935 2388 omisit.
1010 2329 1191 2381 Etiam
1241 2325 1298 2375 in
1356 2318 1558 2373 Scotia
1606 2303 1950 2365 versionem]

262 2419 526 2488 poeticam
542 2414 651 2466 fere
670 2410 851 2463 20000
867 2421 1116 2459 versuum
1133 2396 1496 2452 continentem
1513 2379 1932 2441 accuratissime

263 2493 463 2544 factam
515 2485 815 2540 invenimus
870 2479 1006 2549 (The
1062 2474 1194 2526 Gest
1244 2465 1520 2521 historiale
1575 2460 1635 2513 of
1682 2457 1775 2509 the
1822 2453 1910 2506 de-
1948 2502 1956 2510 .

269 2565 529 2618 struction
585 2560 643 2613 of
691 2555 854 2623 Troy)
911 2552 1175 2604 servatam
1228 2545 1286 2595 in
1339 2539 1496 2591 unico
1549 2534 1687 2589 libro
1741 2524 1956 2582 musei-,z

267 2638 492 2691 Hunter.
531 2636 588 2686 in
626 2632 853 2684 univers.
892 2627 993 2678 litt.
1033 2621 1283 2687 Glasgov.
1334 2613 1482 2666 cuius
1530 2606 1714 2660 auctor
1752 2597 1913 2654 credi·

396 2826 426 2881 1>
470 2823 673 2867 Herbort
702 2832 795 2864 von
825 2813 1022 2859 Fritzlar
1059 2810 1271 2862 herausg.
1304 2815 1395 2847 von
1426 2800 1708 2843 Frommann
1736 2805 1783 2848 p.
1815 2755 1956 2844 abrs}

278 2886 311 2940 2)
343 2885 531 2939 Dunger
560 2882 590 2924 l.
623 2882 654 2924 1.
686 2894 731 2935 p.
766 2882 834 2920 66.
989 2871 1022 2926 3)
1054 2867 1246 2922 Dunger
1275 2860 1465 2906 ibidem.
1617 2853 1652 2909 4)
1683 2849 1792 2906 Joly
1819 2846 1854 2890 l.
1883 2845 1917 2889 l.

276 2960 321 3000 p,
371 2947 470 2986 496.
635 2940 668 2994 ⁵)
717 2935 825 2990 Joly
872 2933 901 2975 1.
948 2931 979 2973 1.
1027 2943 1071 2983 p.
1119 2929 1219 2968 493.
1365 2919 1398 2974 6)
1446 2915 1553 2971 Joly
1598 2911 1694 2956 1.1.
1725 2924 1770 2964 p.
1817 2908 1956 2962 497.

1926 3098 1956 3118 ,4

1909 3122 1956 3152 ar

1867 3163 1956 3178 =¹ffl
