1956 3178
538 128 727 178 BELLI
756 128 1008 172 TROIANI
1038 128 1157 172 Lm.
1189 130 1267 172 1v.
1310 107 1312 109 ’
1647 131 1716 186 83

31 227 58 243 *A
97 252 241 307 forat
285 271 348 306 ac
398 253 506 306 iam
553 253 613 306 fu
658 254 853 307 'entem
906 254 1068 308 tertio
1127 259 1444 309 consecutus
1494 257 1716 311 vulnere

30 365 34 371 .
98 341 196 393 per
230 326 519 393 utrumque
553 342 620 394 pe
658 342 744 378 em
779 324 964 378 traicit
987 324 1382 396 fatigatumque
1421 326 1487 380 ad
1511 332 1715 397 postre-

24 460 27 462 Ὺ
98 412 247 447 mum
303 395 582 463 interficit,
639 396 838 464 quippe
884 394 1133 449 Herculis
1190 401 1427 451 armatus
1485 399 1714 469 sagittiS,

103 483 240 534 quae
277 466 507 519 infectae
533 465 748 535 Hydrae
774 467 1038 536 sanguine
1063 467 1207 520 haud
1245 468 1360 521 sine
1400 469 1563 523 exitio
1601 488 1715 524 cor-

97 536 218 605 pori
254 536 291 588 fi
331 537 571 590 ebantur.
1735 556 1757 589 5

346 647 357 660 .
433 605 588 669 Quod
624 606 717 660 ubi
755 607 1179 661 animadvertere
1229 610 1468 679 barbari,
1516 629 1715 682 magna

98 677 154 730 vi
190 677 418 746 irruunt,
458 677 662 747 eripere
687 678 1055 732 Alexandrum
1085 681 1385 748 cupientes:
1423 682 1713 752 multisque

99 765 318 801 suorum
355 748 652 802 interfectis
686 768 718 802 a
742 748 1047 803 Philocteta
1072 751 1353 821 negotium
1378 755 1559 804 tamen
1596 771 1714 822 per-

97 822 293 888 agunt,
359 822 519 888 atque
573 820 633 873 in
661 834 665 838 ·
698 820 972 873 civitatem
1029 825 1324 890 reportant.
1410 826 1526 876 tum
1575 824 1713 876 Aiax

97 889 441 943 Telamonius
495 891 767 944 insecutus
821 890 1093 962 fugientes
1149 893 1217 944 ad
1271 911 1439 962 usque
1500 897 1711 962 portam
1736 911 1777 943 10

36 976 37 984 ¹
95 960 288 1031 pergit.
361 961 437 1013 ibi
485 979 638 1015 caesa
674 962 754 1014 vis
795 962 966 1015 multa
1002 963 1254 1032 hostium,
1294 981 1415 1017 cum
1452 964 1712 1018 festinan-

97 1031 240 1084 tibus
277 1031 419 1085 inter
455 1050 511 1084 se
561 1036 614 1085 et
661 1033 887 1113 singulis
937 1033 1159 1086 evadere
1207 1035 1350 1087 inter
1385 1036 1588 1104 primos
1626 1054 1712 1089 cu-

23 1163 27 1170 ,
96 1101 369 1171 pientibus
405 1103 576 1172 magis
624 1104 683 1155 in
720 1121 839 1172 1pso
878 1103 1026 1156 aditu
1062 1105 1411 1158 multitudine
1450 1125 1545 1159 sua
1582 1107 1712 1160 deti-

96 1175 370 1226 nerentur.
433 1175 650 1226 interim
675 1175 833 1227 multi
871 1193 1072 1241 eorum,
1100 1176 1191 1244 qui
1216 1176 1378 1244 primi
1415 1182 1710 1246 evaserant,

98 1261 257 1312 super
302 1262 484 1297 muros
522 1245 611 1297 siti
649 1245 874 1298 collecta
909 1245 1147 1314 undique
1186 1247 1546 1300 cuiuscemodi
1583 1267 1712 1301 saxa
1736 1264 1776 1296 15

97 1332 257 1383 super
293 1314 525 1384 clipeum
562 1316 743 1368 Aiacis
782 1316 1042 1383 deiecere,
1094 1321 1512 1387 congestamque
1551 1338 1712 1388 quam

94 1384 383 1508 plurimam
419 1389 618 1439 terram
655 1386 880 1455 desuper
916 1387 1154 1456 volvere,
1195 1389 1398 1441 scilicet
1432 1389 1500 1442 ad
1537 1388 1711 1459 depel-

27 1511 37 1526 „
117 1455 313 1508 endum
348 1456 583 1509 hostem:
623 1476 743 1510 cum
781 1476 943 1527 supra
967 1458 1185 1510 modum
1223 1463 1540 1529 gravaretur
1565 1478 1711 1531 egre-

27 1593 30 1602 *
98 1526 218 1607 gius
265 1527 395 1595 dux,
453 1527 600 1580 facili
648 1532 798 1581 scuto
849 1528 1121 1581 decutiens
1176 1529 1320 1582 haud
1359 1531 1576 1601 segnius
1614 1532 1710 1584 im-

95 1614 314 1650 mmere.
378 1597 608 1667 denique
646 1598 951 1652 Philocteta
981 1617 1087 1667 303,
1128 1601 1220 1668 qui
1259 1601 1317 1653 in
1342 1602 1509 1654 muris
1546 1602 1710 1655 locati
1731 1618 1774 1651 20

21 1675 29 1706 ⁸
97 1671 272 1736 erant,
323 1669 530 1721 eminus
593 1670 803 1739 sagittis
858 1671 1143 1738 proturbat
1187 1671 1494 1741 multosque
1547 1673 1711 1726 inter-

26 1739 39 1792 ·j
93 1738 221 1791 ficit.
311 1757 486 1808 neque
543 1757 692 1792 secus
748 1742 814 1793 ab
871 1741 1092 1810 reliquis
1148 1742 1206 1794 in
1260 1746 1412 1811 parte
1467 1744 1573 1796 alia
1624 1762 1709 1797 res

24 1807 53 1873 J
94 1811 292 1879 gestae.
368 1813 528 1878 atque
576 1829 638 1863 eo
691 1811 774 1863 die
824 1812 999 1864 excisa
1036 1830 1326 1882 eversaque
1362 1815 1578 1867 moenia
1614 1815 1709 1868 ho-

25 1880 42 1939 2,
95 1880 258 1932 stium
294 1879 499 1949 forent,
549 1882 607 1934 ni
655 1900 766 1935 nox
812 1882 919 1935 iam
967 1883 1224 1954 ingruens
1272 1887 1486 1938 nostros
1524 1886 1592 1937 ab
1630 1886 1709 1938 in-

31 2012 38 2019 ,
95 1954 250 2020 cepto
289 1951 632 2005 cohibuisset.
710 1953 803 2022 qui
850 1953 943 2006 ubi
992 1955 1059 2005 ad
1095 1971 1260 2006 naves
1297 1956 1526 2025 regressi
1565 1959 1705 2024 sunt,
1731 1969 1773 2003 25

93 2020 221 2074 laeti
250 2021 584 2076 Philoctetae
620 2023 949 2077 facinoribus
986 2027 1040 2076 et
1074 2024 1143 2076 ob
1180 2024 1235 2076 id
1270 2043 1559 2078 maxlmam
1597 2045 1709 2079 am-

30 2114 35 2125 =
92 2109 184 2145 mo
220 2092 469 2146 fiduciam
516 2096 812 2163 gestanteS,
859 2112 1067 2146 summo
1114 2094 1299 2148 favore
1349 2113 1411 2148 ac
1459 2096 1707 2150 laudibus

29 2163 43 2206 ²·-
95 2161 283 2215 ducem
321 2163 608 2216 celebrant.
673 2165 766 2233 qui
804 2164 963 2216 simul
999 2183 1121 2217 cum
1157 2166 1275 2218 luce
1301 2165 1567 2220 adiunctis
1605 2169 1708 2221 sibi

29 2263 37 2277 ι
93 2232 314 2302 reliquis
361 2233 583 2286 ducibus
631 2235 688 2286 in
737 2235 1002 2304 proelium
1050 2253 1294 2305 egressus
1341 2237 1523 2291 hostes
1559 2242 1707 2291 metu

30 2366 38 2380 ὅ
93 2303 177 2355 3111
213 2303 345 2357 adeo
384 2303 663 2374 deterruit,
713 2309 775 2359 ut
810 2306 899 2358 vix
937 2325 992 2358 se
1029 2307 1310 2360 moenibus
1349 2308 1703 2362 defensarent.
1727 2324 1770 2355 30

237 2373 381 2427 XXI.
473 2375 696 2428 Interim
762 2376 1151 2446 Neoptolemus
1223 2378 1366 2447 apud
1439 2380 1705 2432 tumulum

33 2495 36 2507 ἱ
93 2444 338 2514 Achillis,
375 2449 660 2515 postquam
698 2448 756 2499 in
793 2451 1065 2501 auctorem
1090 2451 1345 2518 paternae
1384 2449 1557 2502 caedis
1592 2451 1706 2503 vin-

95 2513 329 2568 dicatum
368 2520 471 2586 est,
510 2517 726 2571 initium
764 2518 984 2589 lugendi
1023 2520 1200 2588 sumit,
1240 2538 1349 2572 una
1387 2537 1507 2573 cum
1534 2520 1705 2574 Phoe-

206 2673 330 2714 XXI.
361 2673 508 2719 XXII.
539 2675 699 2716 Malal.
736 2678 829 2718 141.
865 2677 958 2718 142.

205 2814 233 2853 4
263 2814 463 2867 corporis
499 2815 533 2855 G
648 2818 699 2857 11
731 2817 886 2870 pergit
920 2817 955 2858 G
983 2817 1168 2871 peragit
1198 2817 1240 2857 B
1272 2818 1456 2872 peregit
1493 2819 1535 2859 V
1652 2820 1704 2859 14

95 2874 344 2911 euaserunt
378 2868 435 2911 6¹
562 2873 614 2911 16
645 2872 856 2914 deiecere
891 2873 968 2914 GB
1029 2873 1207 2913 deicere
1239 2874 1326 2914 PV
1452 2876 1506 2915 22
1547 2874 1704 2927 aliqua

0 2955 7 2966 ,.
98 2923 178 2966 GB
235 2925 332 2967 alia
369 2927 451 2967 VJ>
477 2928 534 2978 ef.
567 2929 635 2976 54,
662 2930 713 2969 16
743 2930 812 2980 55,
838 2932 890 2971 16
920 2930 988 2979 56,
1011 2931 1035 2969 2
1069 2931 1135 2980 77,
1160 2931 1201 2973 8.

1381 3002 1445 3049 6*
