1956 3178
309 91 412 143 110
815 91 1037 134 DICTYS
1068 92 1407 136 ORETENsls

305 221 468 270 venta
503 217 783 269 interierit.
857 215 990 268 haec
1039 215 1102 269 de
1140 216 1430 270 Memnone
1478 218 1695 288 eiusque
1732 233 1915 275 sorore

306 291 580 356 comperta
615 287 751 339 mihi
792 304 889 354 per
924 285 1357 356 Neoptolemum.

445 358 538 410 XI.
612 357 745 409 Post
791 375 926 425 quae
1019 358 1253 411 rofectus
1311 357 1524 411 Cretam
1590 378 1732 414 anno
1790 364 1915 430 post
1953 370 1956 371 ’

303 429 523 482 nomine
560 427 776 496 publico
815 444 937 479 cum
997 428 1168 481 uobus
1205 428 1324 481 aliis
1349 429 1416 481 ad
1447 429 1720 483 oraculum
1745 431 1912 500 Apol-

263 514 283 546 5
305 499 431 551 linis
469 497 763 550 remedium
799 498 1030 566 petitum
1066 499 1241 552 venio.
1315 517 1546 568 namque
1582 501 1734 554 nulla
1769 505 1915 557 certa

306 587 464 622 causa
502 587 565 621 ex
602 568 880 637 inproviso
907 571 1058 621 tanta
1082 570 1161 622 vis
1188 570 1515 622 lucustarum
1540 570 1771 624 insulam
1797 590 1914 624 eam

304 640 589 707 invaserat,
627 639 707 691 uti
745 642 937 691 cuncta
972 639 1258 709 fructuum,
1298 659 1432 709 quae
1469 641 1528 692 in
1564 642 1707 711 agris
1745 647 1913 711 erant,

305 713 789 778 corrumperentur.
877 710 1056 778 itaque
1102 710 1286 763 multis
1321 710 1567 779 precibus
1614 712 1912 781 suppliciis-

307 799 409 850 que
448 798 705 849 responso
746 779 934 848 editur,
975 780 1158 832 divina
1196 799 1295 850 ope
1338 781 1592 834 animalia
1627 783 1915 835 interitura

242 870 283 902 10
306 852 643 920 insulamque
688 854 946 919 provectu
1002 850 1219 920 frugum
1274 852 1424 905 brevi
1480 852 1913 906 redundaturam.

305 922 428 974 dein
464 922 719 990 navigare
767 922 1040 989 cupientes
1087 922 1153 973 ab
1191 922 1302 990 his,
1351 922 1442 991 qui
1491 922 1632 990 apud
1669 922 1914 991 Delphos

305 996 480 1060 erant,
527 992 898 1060 prohibemur:
955 992 1306 1059 inportunum
1359 1010 1588 1061 namque
1636 996 1690 1045 et
1733 993 1911 1062 perni-

305 1063 509 1115 ciosum
545 1065 754 1130 tempus
794 1079 920 1114 esse.
984 1061 1309 1130 Lycophron
1348 1066 1401 1115 et
1427 1062 1633 1130 Ixaeu8‚
1673 1063 1767 1132 qui
1802 1081 1912 1116 una

304 1133 371 1186 ad
409 1133 683 1186 oraculum
720 1134 1002 1200 venerant,
1052 1133 1385 1201 contemptui
1429 1132 1688 1185 habentes
1737 1151 1914 1186 escen-

241 1223 280 1255 15
306 1203 440 1255 dunt
475 1221 666 1255 navem
722 1203 1004 1271 medioque
1051 1202 1162 1255 fere
1211 1203 1383 1271 spatio
1431 1203 1656 1255 fulmine
1702 1203 1798 1256 icti
1833 1204 1914 1257 in-

304 1277 533 1326 tereunt.
583 1273 815 1341 interim,
840 1273 920 1325 uti
938 1273 1271 1341 praedictum
1293 1273 1549 1326 divinitus
1575 1276 1703 1342 erat,
1726 1274 1913 1327 eodem

304 1345 414 1397 ictu
451 1344 739 1396 fulminum
777 1343 958 1395 sedata
995 1343 1074 1395 vis
1121 1344 1250 1395 mali
1299 1344 1651 1412 immersaque
1687 1345 1823 1397 mari
1860 1347 1916 1397 et

307 1413 913 1537 legloXlIITmss‘eieffiZih
946 1413 1572 1552 {lehigpi’ilslsNeoptolemus
1598 1485 1912 1537 confirmato

241 1574 282 1605 20
304 1556 410 1609 iam
459 1574 578 1608 cum
626 1554 921 1607 Hermiona
964 1554 1305 1607 matrimonio
1353 1553 1596 1622 Delphos
1643 1555 1711 1607 ad
1745 1554 1915 1623 Apol-

304 1627 470 1678 linem
507 1625 859 1695 gratulatum,
909 1624 1053 1693 quod
1099 1625 1157 1677 in
1195 1628 1466 1677 auctorem
1509 1627 1763 1692 paternae
1801 1640 1915 1677 cae-

306 1697 384 1749 dis
411 1696 777 1748 Alexandrum
803 1695 1130 1747 vindicatum
1161 1698 1313 1763 esset,
1348 1695 1704 1763 proficiscitur
1727 1694 1917 1747 relicta

304 1767 364 1819 in
402 1766 559 1819 domo
597 1765 975 1818 Andromacha
1012 1765 1230 1834 eiusque
1266 1765 1378 1818 filio
1404 1764 1778 1833 Laodamante,
1818 1765 1911 1834 qui

304 1837 524 1906 reliquis
562 1837 669 1888 iam
706 1836 940 1888 filiorum
966 1835 1213 1888 Hectoris
1250 1835 1599 1903 superfuerat.
1664 1835 1756 1888 sed
1779 1834 1913 1887 Her-

242 1924 282 1956 25
304 1908 487 1960 miona
522 1910 647 1975 post
672 1907 975 1959 abscessum
1012 1906 1114 1958 viri
1139 1906 1280 1958 victa
1315 1905 1496 1957 dolore
1535 1905 1702 1957 animi
1737 1923 1913 1974 neque

304 1978 593 2048 pelicatum
647 1977 890 2045 captivae
937 1977 1145 2044 patiens
1201 1979 1479 2045 parentem
1526 1993 1680 2027 suum
1726 1974 1907 2027 Mene-

304 2049 450 2101 laum
496 2049 725 2100 accitum
781 2047 972 2099 mittit:
1032 2047 1117 2099 cui
1175 2047 1345 2099 multa
1400 2048 1690 2114 conquesta
1749 2063 1910 2114 super

305 2119 502 2170 iniuria
543 2117 812 2186 praelatae
850 2117 952 2170 sibi
998 2135 1029 2169 a
1072 2117 1186 2170 viro
1234 2117 1473 2184 captivae
1510 2115 1748 2168 mulieris
1795 2133 1913 2184 per·

306 2188 515 2256 suadet,
555 2188 636 2240 uti
671 2187 843 2239 filium
879 2186 1127 2240 Hectoris
1174 2190 1343 2239 necet.
1429 2189 1661 2238 ceterum
1699 2185 1909 2238 Andro·

241 2274 284 2306 30
306 2258 496 2311 macha
554 2276 610 2310 re
675 2258 893 2326 cognita
960 2257 1167 2309 instans
1235 2256 1528 2325 periculum
1590 2254 1915 2324 subterfugit

306 2329 505 2382 auxilio
552 2328 894 2397 popularium
939 2327 1186 2380 liberata:
1246 2327 1338 2395 qui
1386 2326 1622 2378 miserati
1667 2325 1948 2378 fortunas‘

308 2400 419 2452 eius
456 2399 598 2451 ultro
625 2398 930 2450 Menelaum
967 2397 1307 2450 contumeliis
1332 2397 1601 2466 prosecuti
1626 2396 1716 2447 vix
1741 2413 1773 2447 a
1795 2413 1914 2463 per-

306 2470 445 2522 nicie
484 2469 587 2522 viri
623 2468 820 2522 retenti
858 2470 996 2520 sunt.

421 2713 447 2750 9
478 2722 745 2763 responsum
785 2707 825 2748 P
957 2710 1009 2748 10
1046 2710 1273 2761 prouentu
1311 2708 1409 2748 edit.
1453 2705 1571 2746 Grac.
1599 2715 1607 2757 ι
1639 2703 1914 2745 redundatu-

307 2779 405 2807 rum
440 2767 475 2807 G
579 2768 632 2807 23
662 2765 961 2806 laodamanta
990 2764 1102 2815 libri,
1141 2763 1456 2804 Laodamante
1494 2763 1612 2804 editt.
1651 2766 1753 2803 neit.
1857 2759 1913 2798 26

310 2823 499 2875 capiens
532 2822 567 2863 G
626 2823 816 2875 cupiens
846 2820 888 2860 B
936 2819 1118 2874 patiens
1141 2820 1181 2858 P
1292 2821 1346 2861 30
1374 2819 1594 2859 instantis
1622 2815 1692 2867 Pl
1718 2813 1913 2868 periculi

308 2879 400 2918 uim
430 2879 547 2930 libri,
578 2879 736 2931 scripsi
762 2876 1032 2931 periculum.
