1956 3178
579 122 767 164 BELLI
797 122 1052 165 TROIANI
1082 123 1202 167 LIB.
1234 124 1287 166 V.
1667 122 1730 176 91

116 248 486 320 praesentibus
533 252 765 301 Panthus
821 248 1109 317 ceterique,
1173 266 1402 318 quorum
1450 247 1736 301 consilium

119 319 488 390 praevalebat,
536 319 707 372 multa
753 318 1008 371 disserere
1047 322 1208 388 atque
1246 319 1435 372 docere
1473 337 1560 388 ea,
1600 337 1734 388 quae

118 393 278 444 antea
314 393 465 470 gesta
490 392 670 442 essent
704 393 906 442 temere
943 392 998 441 et
1033 389 1356 458 inconsulta,
1394 408 1506 443 non
1531 407 1628 459 per
1662 407 1734 457 se,

121 461 320 530 quippe
369 461 462 529 qui
509 460 805 528 contempti
853 459 1166 529 disiectique
1225 461 1292 513 ab
1339 432 1540 531 iegulis
1598 460 1736 513 arbi-

117 532 223 585 trio
261 531 440 584 alieno
486 534 722 600 agerent.
798 533 1033 583 ceterum
1089 531 1234 600 quod
1282 549 1430 584 arma
1485 532 1736 584 adversus
1761 545 1782 579 5

119 601 354 682 Graecos
390 601 666 670 tulissent,
713 619 826 653 non
864 606 1055 670 sponte
1093 602 1322 654 fzactum
1372 620 1604 671 namque
1643 602 1737 671 qui

118 673 216 726 sub
253 672 478 741 imperio
517 672 694 724 alieno
732 675 978 752 agerent,
1028 673 1415 741 expectandum
1452 673 1538 725 his
1575 675 1737 742 atque

53 751 55 754 '
118 742 489 812 exequendum
527 760 639 795 esse
674 746 866 795 nutum
905 743 1034 811 eiuS,
1088 743 1180 823 qui
1216 747 1414 796 teneat.
1493 743 1561 796 ob
1601 761 1736 811 quae

119 812 344 884 dignum
389 831 502 866 esse
542 813 773 866 Graecos
821 813 946 866 data
982 814 1141 866 venia
1178 814 1456 866 consulere
1495 832 1570 866 e1s
1582 856 1596 882 ,
1644 814 1737 882 qui

124 902 333 953 semper
379 887 622 937 auctores
669 884 814 953 pacis
852 884 1069 937 fuerint.
1145 888 1382 937 ceterum
1419 903 1451 936 a
1488 884 1736 937 Troianis
1762 898 1803 930 10

38 954 46 975 ⁷
119 955 189 1009 ob
235 954 374 1008 male
431 955 676 1008 consulta
731 955 859 1007 satis
915 973 1209 1023 poenarum
1267 958 1528 1008 exactum.
1614 954 1739 1007 dein

38 1039 41 1043 '
117 1025 289 1079 multo
315 1025 445 1079 hinc
470 1029 630 1094 atque
668 1025 792 1077 inde
818 1025 1004 1078 habito
1043 1044 1288 1079 sermone
1315 1026 1382 1077 ad
1405 1029 1739 1095 postremum

120 1095 186 1149 de
221 1095 381 1150 modo
418 1097 781 1165 praemiorum
829 1096 918 1165 agi
956 1100 1221 1165 coeptum.
1295 1100 1409 1149 tum
1450 1095 1738 1149 Diomedes

121 1167 360 1236 quinque
406 1167 557 1219 milia
602 1167 928 1219 talentorum
978 1168 1095 1219 auri
1142 1185 1204 1219 ac
1251 1167 1476 1220 totidem
1524 1166 1737 1237 argenti

121 1240 297 1306 optat,
335 1241 611 1306 praeterea
644 1238 813 1290 tritici
839 1240 1065 1290 centena
1094 1238 1268 1290 milia:
1308 1255 1474 1306 eaque
1512 1255 1609 1306 per
1646 1255 1738 1290 an·
1764 1250 1804 1283 15

120 1326 220 1362 nos
259 1307 455 1361 decem.
530 1311 665 1361 tum,
694 1308 907 1360 silentio
954 1308 1140 1361 habito
1177 1327 1209 1361 a
1246 1308 1452 1361 cunctis
1491 1310 1741 1360 Antenor

123 1397 236 1432 non
263 1378 590 1432 Graecorum
627 1397 774 1432 more
801 1396 958 1448 agere
996 1397 1086 1431 eos
1113 1378 1396 1431 adversum
1434 1397 1488 1431 se
1528 1380 1618 1447 ait,
1647 1377 1740 1431 sed

27 1502 38 1511 ,
120 1449 374 1502 barbaro:
412 1468 643 1519 namque
682 1449 826 1518 quod
863 1450 1201 1518 inpossibilia
1237 1450 1599 1518 postularent,
1650 1468 1742 1517 pa-

121 1520 231 1572 lam
267 1519 383 1572 fieri
419 1523 701 1589 praetextu
737 1521 883 1588 pacis
908 1520 1109 1573 bellum
1147 1539 1238 1573 eos
1275 1521 1564 1572 instruere:
1604 1523 1741 1572 cete-

121 1609 242 1644 rum
297 1591 413 1643 auri
467 1594 679 1644 tantum
734 1594 894 1659 atque
943 1591 1154 1660 argenti
1209 1609 1277 1643 ne
1334 1595 1450 1643 tum
1508 1591 1739 1660 quidem,
1763 1603 1805 1635 20

123 1661 434 1731 priusquam
473 1661 532 1714 in
569 1661 769 1714 auxilia
806 1661 1070 1714 conducta
1099 1661 1493 1729 dilaceraretur,
1534 1661 1741 1714 civitati

121 1732 302 1799 fuisse.
366 1731 510 1801 quod
547 1732 591 1784 si
616 1750 929 1801 permanere
966 1733 1025 1784 in
1052 1732 1235 1785 eadem
1262 1733 1488 1785 avaritia
1524 1731 1741 1801 vellent,

122 1820 398 1872 superesse
436 1802 698 1871 Troianis,
737 1803 817 1855 uti
855 1804 1046 1856 clausis
1076 1804 1246 1872 portis
1284 1804 1626 1871 incensisque
1662 1802 1742 1855 in-

122 1877 211 1926 tus
248 1873 469 1926 deorum
517 1873 770 1926 aedificiis
818 1874 884 1926 ad
921 1877 1252 1942 postremum
1301 1874 1442 1926 idem
1480 1873 1583 1926 sibi
1619 1891 1742 1925 cum

123 1944 300 2013 patria
325 1944 548 1997 exitium
574 1947 833 2013 peterent.
883 1947 1071 1997 contra
1089 1944 1401 1996 Diomedes:
1430 1943 1593 2012 „Non
1618 1943 1744 1995 civi-
1766 1954 1809 1987 25

122 2017 291 2068 tatem
327 2018 559 2067 vestram
606 2015 1000 2068 consideratum
1038 2015 1199 2084 Argis
1247 2015 1518 2094 venimus,
1557 2032 1745 2066 verum

124 2085 408 2138 adversum
433 2103 529 2138 vos
569 2086 885 2138 dimicaturi.
948 2085 1213 2153 quocirca,
1253 2085 1364 2137 sive
1403 2085 1564 2137 etiam
1600 2101 1745 2136 nunc

126 2155 326 2208 bellare
364 2156 423 2207 in
448 2156 628 2208 animo
667 2159 763 2224 est,
802 2156 978 2224 parati
1005 2156 1211 2224 Graeci,
1251 2156 1380 2223 sive,
1410 2158 1472 2208 ut
1496 2156 1590 2223 aiS,
1628 2154 1746 2224 igni

126 2225 321 2278 dabitis
367 2225 553 2294 Ilium,
619 2245 730 2279 non
783 2226 1213 2294 prohibebimus:
1279 2228 1478 2296 quippe
1528 2225 1746 2279 Graecis

126 2296 330 2349 affectis
373 2296 575 2348 iniuria
622 2297 807 2349 ulcisci
853 2297 1034 2350 hostes
1082 2316 1207 2350 suos
1255 2298 1379 2350 finis
1417 2300 1511 2348 est.
1518 2299 1548 2325 “
1630 2299 1747 2348 tum
1768 2307 1812 2340 ⁸0

124 2365 371 2420 Panthus
409 2367 464 2419 in
491 2369 798 2435 proximum
835 2367 976 2420 diem
1002 2368 1215 2420 veniam
1242 2366 1573 2420 deliberandi
1612 2369 1746 2418 orat.

129 2437 206 2560 itia
242 2437 414 2490 nostri
440 2437 506 2490 ad
532 2438 867 2491 Antenorem
893 2439 1094 2491 abeunt
1120 2442 1279 2507 atque
1314 2438 1440 2490 inde
1478 2438 1537 2489 in
1562 2436 1748 2489 aedem

189 2525 424 2564 mervae.

269 2577 392 2632 VII.
463 2578 685 2631 Interim
734 2581 1078 2648 cognoscitur
1138 2580 1196 2631 in
1253 2581 1516 2647 apparatu
1570 2596 1750 2630 rerum

247 2751 267 2789 1
300 2747 526 2804 Panthus]
565 2750 742 2803 lampus
782 2751 882 2791 libri
925 2764 1038 2792 corr.
1071 2748 1341 2793 Dedericlms
1463 2751 1490 2790 4
1522 2748 1752 2800 despecti·

130 2818 218 2859 que
250 2805 291 2845 B
321 2811 366 2846 at
395 2807 455 2857 of.
486 2806 509 2846 I
540 2808 566 2848 8
682 2809 736 2849 18
758 2806 878 2860 quod
908 2809 1078 2847 uidetur
1108 2820 1199 2847 esse
1229 2809 1271 2846 in
1293 2806 1334 2846 B
1366 2819 1452 2859 quo
1477 2807 1511 2847 G
1543 2818 1645 2845 eum
1666 2805 1759 2845 PV

129 2863 187 2903 20
224 2874 279 2902 ne
320 2859 369 2902 tfi
401 2861 442 2902 B
564 2864 620 2904 23
650 2863 821 2904 troiani
859 2864 998 2904 sicuti
1030 2862 1109 2903 GB
1139 2876 1252 2907 corr.
1292 2863 1374 2905 VP
1486 2864 1540 2904 30
1571 2874 1752 2915 quoquo

132 2917 266 2959 modo
300 2919 403 2959 add.
443 2919 524 2958 VP
550 2924 649 2959 ante
680 2919 857 2959 ulcisci.
