1956 3178
1759 0 1928 26 saon-J&

1898 32 1908 39 .
1923 31 1931 40 1

225 91 290 144 16
735 88 953 134 D1crYs
986 89 1321 132 cR-E'rssuffls

225 219 324 270 bus
363 217 429 269 ad
454 216 743 269 exercitum
769 215 992 282 revenit,
1030 218 1189 283 atque
1216 232 1279 266 ex
1316 215 1589 283 inproviso
1628 216 1687 270 in
1710 217 1831 271 luco

226 287 432 340 Dianae
472 304 592 339 cum
628 285 837 354 virgine
877 285 1216 353 conspicitur.
1280 285 1398 353 quis
1436 286 1666 354 cognitis
1690 289 1832 358 Aga·

219 375 474 410 memnon
530 355 808 408 affectione
863 358 1116 423 paternae
1162 355 1376 423 pietatis
1423 359 1601 409 motus
1647 375 1718 410 an
1763 376 1832 410 ne

224 431 334 480 tam
379 426 586 478 inlicito
635 425 1019 478 immolationis
1067 425 1252 477 sceleri
1299 426 1600 495 interesset,
1647 426 1833 497 fugam

185 513 205 545 5
229 500 405 566 parat:
454 513 677 564 eumque
723 513 780 548 re
830 495 1047 562 cognita
1090 494 1312 564 Nestor,
1359 495 1578 566 longam
1615 514 1832 550 exorsus

223 567 544 633 orationem,
601 565 668 618 ad
714 568 1044 633 postremum
1099 566 1454 633 persuadendi
1509 584 1728 636 genere,
1775 568 1833 620 in

224 655 330 705 quo
356 639 565 705 praeter
591 639 795 688 ceteros
823 635 1075 688 Graeciae
1101 636 1244 688 viros
1278 636 1539 689 iucundus
1564 641 1832 706 acceptus·

225 725 328 775 que
367 710 504 773 erat,
545 725 576 758 a
612 706 888 774 proposito
926 705 1215 774 prohibuit.

367 776 512 828 XXI.
574 776 800 828 Interim
825 776 1087 845 virginem
1108 774 1294 828 Ulixes
1332 779 1385 828 et
1410 775 1685 829 Menelaus
1712 794 1833 830 cum

160 864 202 897 10
226 845 532 914 Calchante,
572 846 764 914 quibus
802 845 856 897 id
893 846 1169 915 negotium
1208 846 1390 898 datum
1427 850 1567 915 erat,
1615 848 1834 900 remotis

221 917 409 985 procul
458 916 704 969 omnibus
750 917 1007 969 sacrificio
1055 915 1342 968 adornant:
1392 934 1511 968 cum
1558 934 1678 970 ecce
1723 916 1831 970 dies

222 986 427 1039 foedari
474 989 526 1038 et
572 986 777 1038 caelum
824 986 1009 1038 nubilo
1056 986 1168 1056 tegi
1204 986 1406 1054 coepit:
1455 986 1578 1039 dein
1614 989 1832 1056 repente

221 1057 477 1124 tonitrua,
514 1073 733 1108 corusca
769 1056 997 1108 fulmina
1043 1059 1097 1108 et
1133 1059 1406 1124 praeterea
1441 1059 1614 1109 terrae
1650 1058 1833 1110 maris-

224 1144 325 1195 que
374 1126 564 1195 ingens
614 1128 792 1178 motus
839 1129 999 1194 atque
1051 1124 1117 1178 ad
1153 1129 1481 1194 postremum
1519 1126 1833 1180 confusione

160 1213 201 1246 15
224 1196 359 1248 aeris
408 1199 650 1263 ereptum
697 1196 893 1248 lumen.
976 1213 1151 1264 neque
1198 1196 1368 1248 multo
1417 1199 1541 1265 post
1582 1197 1834 1251 imbrium

223 1268 382 1334 atque
420 1265 695 1335 grandinis
732 1266 812 1317 vis
849 1282 1047 1335 magna
1082 1267 1446 1334 praecipitata.
1520 1266 1660 1319 inter
1697 1285 1832 1336 quae

222 1339 335 1388 tam
384 1338 555 1388 taetra
591 1335 741 1388 nulla
786 1336 968 1404 requie
1013 1336 1344 1404 tempestatis
1390 1335 1664 1389 Menelaus
1712 1355 1834 1390 cum

223 1406 333 1473 his,
382 1407 475 1474 qui
525 1405 840 1458 sacrificium
887 1405 1169 1474 curabant,
1216 1410 1362 1459 metu
1409 1409 1568 1474 atque
1606 1407 1833 1460 haesita-

222 1475 370 1527 tione
398 1476 634 1527 diversus
671 1476 951 1544 agebatur:
989 1477 1178 1529 terreri
1211 1477 1408 1544 quippe
1445 1477 1617 1544 primo
1656 1477 1832 1530 subita

161 1562 203 1594 20
225 1545 357 1598 caeli
403 1545 797 1614 permutatione
848 1545 1007 1614 idque
1057 1546 1267 1615 signum
1317 1546 1558 1599 divinum
1606 1547 1831 1614 credere,

226 1615 376 1683 dein,
425 1633 493 1667 ne
548 1615 822 1683 inceptum
880 1616 1173 1684 omitteret,
1232 1616 1550 1668 detrimento
1598 1617 1832 1670 militum

171 1742 174 1745 ,
226 1684 566 1738 commoveri.
630 1686 797 1754 igitur
833 1684 975 1737 inter
1010 1689 1215 1738 tantam
1253 1686 1419 1738 animi
1445 1686 1834 1740 dubitationem

224 1773 329 1807 vox
367 1754 625 1822 quaedam
661 1755 781 1807 luco
809 1755 1023 1807 emissa:
1063 1756 1336 1824 aspernari
1360 1773 1561 1808 numen
1587 1756 1831 1810 sacrificii

225 1841 395 1894 genus
434 1828 487 1876 et
524 1826 592 1877 ob
619 1824 673 1875 id
697 1825 1072 1878 abstinendum
1098 1844 1129 1877 a
1155 1843 1375 1894 corpore
1400 1826 1640 1895 virginiS,
1679 1827 1832 1879 mise-

164 1908 206 1941 25
228 1894 333 1946 reri
369 1912 600 1962 namque
640 1895 753 1947 eius
791 1894 969 1947 deam:
1009 1898 1243 1948 ceterum
1268 1913 1365 1963 pro
1402 1898 1556 1948 tanto
1593 1895 1832 1950 facinore

226 1964 355 2016 satis
401 1982 697 2032 poenarum
734 1966 1130 2034 Agamemnoni
1177 1966 1243 2018 ab
1291 1965 1517 2034 coniuge
1561 1966 1673 2018 eius
1710 1970 1834 2034 post
1892 1977 1902 1987 ’

226 2033 514 2086 Troianam
539 2034 818 2087 victoriam
844 2038 1193 2103 conparatum
1227 2037 1311 2088 iri.
1374 2035 1555 2103 itaque
1581 2039 1833 2088 curarent

226 2103 296 2170 id,
335 2103 478 2170 quod
514 2103 572 2155 in
609 2103 779 2155 vicem
805 2105 1029 2174 virginis
1066 2106 1306 2158 oblatum
1331 2105 1829 2173 animadverterent,

226 2173 518 2224 immolare.
594 2173 717 2224 dein
764 2191 983 2241 coepere
1032 2175 1179 2227 venti
1225 2178 1384 2243 atque
1431 2174 1659 2227 fulmina
1707 2175 1832 2228 alia-

163 2256 205 2288 30
228 2259 355 2310 que,
404 2260 538 2310 quae
585 2242 642 2294 in
690 2259 886 2312 magno
935 2244 1067 2295 caeli
1112 2248 1262 2296 motu
1301 2244 1429 2297 oriri
1466 2244 1665 2313 solent,
1709 2262 1833 2298 con-

227 2328 515 2365 senescere.

368 2381 540 2434 XXII.
616 2380 718 2434 Sed
755 2399 876 2434 cum
911 2382 1043 2434 haec
1080 2383 1138 2434 in
1188 2383 1308 2435 luco
1347 2386 1606 2452 aguntur,
1644 2382 1828 2436 Achil-

227 2451 304 2502 les
341 2451 544 2503 litteras
592 2469 830 2504 seorsum
874 2452 1059 2504 missas
1107 2452 1207 2504 sibi
1254 2471 1285 2504 a
1322 2451 1672 2520 Clytemestra
1709 2469 1830 2504 cum

227 2522 344 2571 auri
381 2538 576 2589 magno
615 2521 847 2588 pondere
885 2521 1101 2589 accepit,
1140 2522 1198 2573 in
1224 2522 1341 2589 quis
1380 2522 1428 2573 ei
1465 2521 1630 2573 filiam
1667 2524 1828 2590 atque

341 2691 366 2731 5
397 2702 585 2743 cumque
626 2690 704 2732 GB
765 2704 866 2732 eum
902 2692 969 2732 ed,
1009 2690 1145 2731 Mero.
1185 2695 1226 2731 et
1266 2689 1363 2731 Obr.
1402 2690 1667 2730 Dedericlzus
1707 2702 1828 2731 eum-

231 2758 316 2798 que
432 2747 456 2786 7
489 2750 802 2799 acceptusque
831 2747 873 2786 B
930 2750 1151 2799 acceptus
1184 2746 1219 2787 G
1332 2747 1358 2787 8
1389 2745 1593 2786 cohibuit
1621 2746 1665 2785 P
1775 2746 1825 2786 11

230 2799 504 2842 sacrificium
536 2799 588 2843 6¹
706 2804 757 2844 13
789 2815 870 2856 per
902 2815 956 2843 ea
989 2802 1024 2843 G
1053 2815 1167 2845 corr.
1188 2802 1239 2842 P.
1357 2802 1411 2842 27
1441 2801 1500 2841 iri
1531 2814 1553 2841 e
1583 2803 1827 2843 coniectura

230 2858 381 2898 addidi
472 2859 527 2899 34
557 2870 671 2899 aura
704 2857 755 2899 6¹¹
