1956 3178
312 120 382 174 82
833 122 1050 165 mc'rYs
1082 122 1420 168 CRETENSIS

312 247 442 318 guli.
518 250 574 299 at
608 250 826 316 postero
866 247 949 299 die
985 265 1083 316 per
1108 247 1352 318 Chrysen
1389 250 1727 319 cognoscitur
1763 251 1922 306 Hele-

311 335 442 370 num
479 317 683 370 Priami
718 317 1018 387 fugientem
1056 319 1226 372 scelus
1263 320 1558 373 Alexandri
1594 321 1736 390 apud
1772 341 1828 376 se
1862 323 1924 376 in

312 388 515 457 templo
542 405 724 458 agere:
763 406 994 458 moxque
1020 390 1089 442 ob
1119 389 1175 442 id
1198 390 1373 443 missis
1398 390 1659 444 Diomede
1685 395 1738 446 et
1761 391 1924 447 Ulixe

311 458 534 511 tradidit
571 476 682 511 sese
721 458 1033 528 deprecatus
1071 460 1243 529 priUS,
1296 461 1376 513 uti
1426 462 1527 514 sibi
1573 465 1780 530 partem
1827 463 1923 517 ali-

269 545 290 578 5
314 547 475 598 quam
510 529 774 598 regioniS,
813 530 872 582 in
910 548 1015 599 qua
1051 530 1312 599 reliquam
1360 532 1525 584 vitam
1571 531 1789 603 degeret
1843 552 1922 588 se-

310 603 514 652 motam
551 601 617 652 ab
655 600 774 652 aliis
824 601 1192 654 concederent.
1255 602 1379 655 dein
1416 602 1482 655 ad
1528 621 1693 656 naves
1731 603 1922 658 ductus

311 671 405 723 ubi
452 671 675 723 concilio
723 671 921 724 mixtus
970 675 1071 739 est,
1130 672 1300 725 multa
1355 673 1504 741 prius
1552 674 1762 727 locutus
1808 687 1921 729 non

311 744 458 794 metu
506 741 582 793 ait
629 759 684 793 se
732 742 921 794 mortis
976 742 1207 810 patriam
1262 747 1616 813 parentesque
1664 744 1920 814 deserere,

311 813 405 864 sed
441 811 661 864 deorum
698 815 943 864 coactum
968 813 1260 882 aversione,
1301 832 1528 882 quorum
1554 815 1775 868 delubra
1809 816 1921 869 vio-

248 899 289 931 1ο
310 882 413 935 lari
461 883 527 934 ab
563 882 870 935 Alexandro
917 902 1092 952 neque
1140 902 1193 936 se
1240 902 1413 953 neque
1454 886 1694 938 Aeneam
1742 886 1919 955 quisse

310 953 449 1022 pati:
489 953 582 1022 qui
619 956 863 1005 metuens
903 953 1227 1007 Graecorum
1265 955 1594 1008 iracundiam
1632 956 1774 1025 apud
1809 958 1923 1010 An-

310 1027 554 1076 tenorem
592 1027 775 1093 ageret
823 1042 1108 1092 senemque
1147 1029 1449 1094 parentem,
1502 1026 1565 1079 de
1616 1027 1766 1080 cuius
1803 1045 1919 1080 ora-

312 1093 431 1146 culo
488 1094 827 1146 imminentia
879 1095 1126 1147 Troianis
1187 1095 1329 1147 mala
1385 1114 1506 1148 cum
1560 1098 1916 1166 cognovisset,

310 1164 454 1216 ultro
493 1164 786 1232 supplicem
824 1164 890 1216 ad
936 1183 1026 1218 eos
1065 1166 1357 1218 decurrere.
1431 1170 1561 1219 tunc
1606 1167 1806 1220 nostris
1842 1167 1918 1221 fe-

247 1250 289 1282 15
312 1234 639 1287 stinantibus
703 1238 905 1287 secreta
979 1237 1274 1304 dinoscere,
1334 1236 1561 1305 Chryses
1630 1242 1767 1291 nutu
1838 1239 1921 1291 uti

312 1305 583 1358 silentium
622 1309 871 1375 ageretur
917 1306 1185 1375 significat
1238 1310 1398 1376 atque
1434 1307 1702 1360 Helenum
1739 1327 1918 1361 secum

311 1376 539 1428 abducit.
616 1394 647 1427 a
685 1394 791 1444 quo
831 1375 1018 1428 doctus
1066 1380 1258 1430 cuncta
1297 1378 1513 1430 Graecis
1558 1379 1639 1430 uti
1677 1378 1919 1432 audierat

310 1446 490 1513 refert,
530 1445 676 1498 addit
713 1450 989 1514 praeterea
1023 1450 1234 1516 tempus
1272 1447 1491 1500 Troiani
1530 1449 1721 1501 excidii
1757 1449 1918 1518 idque

311 1516 638 1569 administris
676 1517 859 1569 Aenea
897 1520 1056 1585 atque
1088 1519 1364 1570 Antenore
1401 1519 1533 1572 fore.
1594 1522 1710 1572 tum
1746 1536 1919 1572 recor-

247 1603 288 1634 20
312 1586 422 1639 dati
469 1605 680 1667 eorum,
729 1605 891 1667 quae·
915 1586 1138 1640 Calchas
1185 1588 1446 1658 edixerat,
1497 1589 1679 1642 eadem
1726 1593 1920 1643 cuncta

310 1658 1466 1799 congffiffilaffilginassldtslssgzerdidlt'egresso
1515 1730 1783 1799 utrimque
1819 1730 1916 1783 mi-

308 1798 403 1850 lite
441 1798 507 1850 ad
544 1798 852 1850 bellandum
905 1799 1123 1866 plurimi
1161 1799 1517 1852 Troianorum
1554 1800 1773 1869 cadunt,
1821 1800 1916 1853 sed

313 1886 378 1920 ex
415 1869 573 1920 sociis
611 1868 903 1920 auxiliariis
939 1888 1063 1937 pars
1101 1870 1348 1922 maxima.
1413 1874 1468 1922 at
1504 1871 1597 1923 ubi
1634 1870 1918 1923 vehemen-

245 1954 287 1986 25
311 1938 419 1991 tius
458 1939 523 1991 ab
571 1940 772 1991 nostris
819 1939 1051 1992 instatur
1099 1943 1153 1992 et
1201 1940 1348 1993 omni
1382 1958 1483 2009 ope
1519 1941 1722 1994 bellum
1759 1940 1915 1994 finire

308 2009 368 2061 in
405 2010 584 2062 animo
625 2012 720 2077 est,
759 2010 914 2080 signo
940 2009 1063 2062 dato
1104 2010 1210 2063 dux
1235 2011 1355 2063 duci
1393 2011 1624 2063 occurrit
1659 2014 1820 2080 atque
1855 2011 1916 2064 in

310 2097 365 2132 se
402 2079 667 2147 proelium
705 2083 1041 2133 convertunt.
1103 2083 1233 2134 tunc
1257 2080 1562 2134 Philocteta
1594 2098 1913 2151 progressus

310 2149 562 2202 adversus
599 2150 966 2202 Alexandrum
1002 2151 1231 2219 lacessit,
1270 2151 1315 2203 si
1352 2151 1594 2220 auderet,
1633 2151 1913 2221 sagittario

311 2220 613 2273 certamine.
687 2221 762 2272 ita
800 2238 1054 2273 concessu
1095 2222 1374 2291 utriusque
1411 2223 1579 2290 partis
1616 2220 1802 2275 Ulixes
1839 2225 1916 2274 at-

245 2305 288 2338 30
313 2308 415 2360 que
453 2289 767 2359 Deiphobus
804 2291 1035 2359 spatium
1074 2293 1378 2345 certaminis
1416 2292 1692 2345 definiunt.
1747 2292 1916 2362 igitur

307 2361 512 2430 primus
540 2360 845 2413 Alexander
880 2362 1147 2414 incassum
1185 2363 1435 2433 sagittam
1460 2362 1752 2430 contendit,
1791 2362 1916 2414 dein

307 2431 611 2485 Philocteta
655 2432 927 2483 insecutus
974 2432 1245 2484 sinistram
1291 2451 1510 2485 manum
1558 2432 1701 2485 hosti
1743 2435 1921 2485 trans--

307 2502 452 2570 figit,
491 2502 804 2554 reclamanti
840 2519 936 2570 per
973 2502 1212 2554 dolorem
1255 2501 1499 2555 dextrum
1536 2502 1749 2555 oculum
1796 2520 1917 2571 per-

423 2630 546 2671 XIX.
578 2629 737 2671 Malal.
771 2632 851 2671 140
883 2630 1075 2672 Cedren.
1109 2631 1145 2670 P
1178 2633 1272 2674 130.

426 2730 448 2768 1
488 2728 671 2781 ohrysin
702 2728 780 2768 ΕΒ
826 2727 1040 2780 Chrysem
1074 2729 1113 2768 P
1213 2730 1265 2769 10
1294 2729 1507 2780 nequisse
1545 2728 1587 2768 B
1691 2730 1742 2768 12
1773 2740 1914 2782 agere

313 2784 392 2824 GB
442 2789 603 2837 ageret
633 2786 674 2824 P
785 2787 841 2826 23
873 2785 931 2824 ad
960 2784 1506 2825 bellandum—maxima
1528 2785 1616 2825 PV
1642 2785 1700 2825 ab
1723 2783 1915 2824 alexan-

310 2840 390 2880 dro
431 2840 601 2880 cadunt
641 2840 700 2881 ad
740 2841 848 2882 solis
887 2845 1063 2895 partem
1095 2841 1337 2882 maximam
1369 2841 1447 2882 GB
1570 2841 1624 2881 25
1654 2843 1803 2882 statur
1833 2838 1915 2882 GB

307 2909 422 2937 corr.
462 2897 543 2936 VP
654 2899 708 2937 29
737 2897 884 2938 utrius
917 2897 965 2939 G.
