1956 3178
461 145 539 189 DE
574 141 822 189 EXCIDIO
856 141 1081 188 TROIAE
1118 141 1423 187 HISTORIA.
1699 142 1769 195 39

116 267 358 335 transiit,
413 266 591 336 prodit
645 266 702 318 in
749 265 922 334 primo
972 263 1183 317 Troilus
1234 263 1408 317 caedit
1453 264 1770 333 prosternit:

119 340 311 410 Argivi
365 340 549 410 fugam
604 357 726 392 cum
787 339 1018 392 clamore
1073 338 1330 391 fecerunt.
1421 337 1657 391 Achilles
1712 342 1773 390 ut

118 414 501 468 animadvertit
554 413 795 466 Troilum
858 412 1109 465 iracunde
1173 412 1374 464 saevire
1437 415 1492 464 et
1553 410 1772 482 Argivis

122 489 381 542 insultare
452 487 716 557 simulque
772 486 885 539 sine
940 486 1339 539 intermissione
1405 485 1771 555 Myrmidones

120 566 481 631 prosternere,
528 561 769 631 procedit
806 560 863 612 in
902 560 1117 613 bellum.
1195 578 1353 630 quem
1394 559 1606 613 Troilus
1646 578 1770 613 con·
1796 573 1817 605 5

119 636 275 690 tinuo
315 636 512 706 excipit
550 639 604 688 et
637 635 857 688 sauciat.
933 633 1171 687 Achilles
1212 634 1276 686 de
1315 634 1518 703 proelio
1562 634 1772 687 saucius

122 710 274 763 redit.
350 713 623 780 pugnatur
668 708 938 762 continuis
987 708 1175 761 diebus
1223 726 1329 760 sex.
1407 708 1490 761 die
1543 708 1773 777 septimo

119 783 250 836 dum
282 784 495 854 utrique
527 783 788 836 exercitus
820 781 1022 851 proelio
1062 782 1204 835 facto
1242 782 1383 835 inter
1416 800 1471 835 se
1510 785 1774 852 pugnant,

122 857 382 926 Achilles,
438 857 530 927 qui
583 857 789 926 aliquot
842 855 954 908 dies
1001 859 1222 908 vexatus
1269 856 1327 907 in
1373 873 1613 926 pugnam
1661 874 1773 909 non

121 931 414 1000 prodierat,
469 930 834 1000 Myrmidones
881 929 1123 983 instruit:
1181 930 1472 1000 alloquitur
1511 930 1772 997 hortatur,
1799 945 1841 976 10

121 1008 183 1057 ut
227 1005 438 1058 fortiter
490 1005 881 1073 inpressionem
926 1004 984 1055 in
1031 1003 1270 1056 Troilum
1327 1004 1543 1057 faciant.
1627 1008 1773 1073 post-

121 1097 285 1148 quam
339 1079 511 1132 maior
563 1097 688 1147 pars
745 1077 850 1131 diei
902 1078 1142 1146 transiit,
1207 1078 1388 1147 prodit
1442 1078 1654 1130 Troilus
1710 1096 1774 1130 ex

122 1170 260 1222 equo
299 1153 486 1206 laetus.
553 1152 744 1222 Argivi
783 1151 1018 1204 maximo
1058 1152 1289 1205 clamore
1327 1152 1514 1222 fugam
1553 1152 1774 1220 faciunt,

122 1225 487 1295 Myrmidones
528 1229 971 1294 supervenerunt,
1010 1226 1401 1294 inpressionem
1441 1226 1497 1278 in
1530 1225 1772 1279 Troilum

121 1299 349 1370 faciunt,
397 1301 460 1354 de
508 1318 734 1370 quorum
772 1317 996 1352 numero
1035 1300 1192 1352 multi
1232 1319 1263 1352 a
1301 1300 1483 1353 Troilo
1525 1300 1770 1353 occidun-
1798 1314 1840 1347 15

123 1377 233 1427 tur:
267 1375 393 1427 dum
426 1375 619 1427 acriter
642 1374 995 1442 proeliantur,
1028 1391 1197 1444 equus
1221 1375 1533 1427 vulneratus
1558 1375 1773 1442 corruit,

121 1447 363 1501 Troilum
410 1448 712 1517 inplicitum
761 1448 974 1501 excutit.
1058 1447 1200 1501 Eum
1248 1449 1354 1501 cito
1397 1448 1634 1501 Achilles
1683 1449 1772 1501 ad-

121 1522 342 1576 veniens
404 1522 618 1590 occidit,
687 1541 752 1574 ex
819 1522 1022 1591 proelio
1083 1523 1295 1575 trahere
1358 1522 1558 1591 coepit,
1631 1522 1774 1592 quod

122 1595 362 1650 Achilles
407 1597 714 1649 interventu
763 1595 1066 1650 Memnonis
1114 1597 1379 1666 complere
1426 1614 1538 1649 non
1576 1597 1770 1665 potuit.

124 1670 414 1723 adveniens
454 1671 596 1723 enim
635 1669 892 1723 Memnon
938 1674 1004 1722 etvv
1033 1670 1201 1723 Troili
1248 1689 1448 1739 corpus.
1483 1670 1679 1739 eripuit
1718 1675 1771 1723 et
1795 1686 1838 1717 20

122 1744 391 1797 Achillem
419 1745 636 1797 vulnere
661 1744 934 1798 sauciavit.
981 1743 1218 1797 Achilles
1247 1745 1311 1797 de
1336 1745 1539 1813 proelio
1563 1745 1773 1797 saucius

122 1818 295 1871 rediit.
356 1817 612 1871 Memnon
646 1818 857 1888 insequi
882 1836 1003 1870 eum
1029 1836 1149 1871 cum
1174 1819 1357 1872 multis
1384 1818 1581 1887 coepit,
1616 1836 1775 1889 quem

246 1985 268 2023 1
302 1979 479 2037 prodiit
508 1979 551 2022 L
578 1982 584 2034 Ι
613 1979 661 2023 10
691 1980 844 2036 primo
876 1980 1007 2032 libri,
1046 1980 1180 2035 vulyo
1219 1978 1270 2023 in
1300 1978 1478 2035 proelio
1507 1981 1512 2032 l
1541 1978 1666 2023 cedit
1699 1979 1776 2023 de-

121 2040 285 2083 uastat
306 2039 563 2096 prosternit
579 2037 622 2082 G
727 2043 752 2082 2
778 2039 833 2082 A.
858 2052 964 2083 01110
987 2037 1109 2082 uidit
1129 2037 1173 2082 G
1277 2042 1303 2081 3
1328 2037 1549 2082 iracunde
1575 2038 1774 2096 saevire]

123 2098 195 2141 ita
225 2097 436 2142 deseuire
469 2096 512 2141 G
538 2097 545 2155 1
572 2097 659 2141 ins.
692 2110 792 2154 arg.
825 2097 868 2141 G
988 2102 1016 2140 4
1057 2096 1288 2153 simulque
1329 2111 1363 2140 s.
1396 2097 1581 2141 interm.
1614 2110 1699 2142 om.
1733 2097 1777 2142 G

123 2161 152 2200 ὃ
184 2156 497 2213 prosternere]
539 2156 599 2200 ab
639 2168 693 2200 eo
735 2156 885 2201 occidi
928 2156 1115 2214 argiuos
1166 2156 1381 2200 laborare
1422 2156 1465 2200 G
1500 2160 1506 2210 Ι
1541 2156 1775 2214 procedit]

124 2214 345 2272 prosiluit
387 2228 492 2259 cum
531 2215 731 2259 clamore
773 2214 815 2259 G
850 2217 856 2270 l
893 2228 998 2259 eum
1039 2217 1159 2260 cont.
1201 2216 1259 2259 tr.
1293 2214 1336 2260 G
1458 2221 1483 2260 6
1517 2216 1701 2273 excepit
1733 2215 1777 2260 G

123 2279 152 2318 ’1
191 2273 334 2318 rediit
370 2273 413 2317 L
447 2276 453 2328 Ι
489 2276 610 2318 cont
650 2274 739 2318 VII
777 2274 940 2319 diebus
980 2273 1023 2319 G
1144 2279 1171 2319 8
1210 2289 1255 2318 u.
1292 2273 1523 2319 exercitus
1563 2275 1687 2319 inter
1727 2289 1776 2319 se

124 2332 304 2390 proelio
335 2332 582 2377 commisso
613 2332 889 2391 fugarentur
912 2333 956 2378 G
982 2336 987 2367 ¹
1016 2333 1242 2390 fugantur
1263 2333 1307 2376 L
1367 2336 1584 2391 pugnant
1606 2334 1652 2377 B
1748 2339 1774 2378 9

124 2391 208 2448 qui
238 2404 321 2436 om.
355 2391 399 2436 G
432 2394 439 2448 Ι
475 2391 667 2448 aliquod
697 2391 740 2434 L
766 2394 773 2447 1
801 2392 966 2437 diebus
1002 2392 1114 2450 quia
1144 2394 1342 2436 uexatus
1373 2392 1528 2437 fuerat
1557 2391 1599 2436 G
1723 2398 1778 2438 10

125 2450 248 2494 hort.
274 2450 351 2495 all.
377 2451 508 2505 libri,
532 2452 799 2507 transposui
907 2457 959 2496 11
986 2455 1040 2496 ut
1062 2464 1146 2496 om.
1171 2451 1214 2495 L
1242 2453 1246 2505 Ι
1275 2451 1368 2508 obp
1371 2466 1406 2494 r.
1431 2451 1474 2494 L
1503 2454 1507 2501 Ι
1534 2451 1716 2496 faciunt
1734 2452 1779 2495 L

125 2509 336 2554 facerent
367 2509 410 2554 G
532 2515 584 2554 12
610 2509 759 2554 maior
788 2523 872 2555 om.
906 2511 948 2554 L
975 2513 980 2566 Ι
1007 2510 1180 2556 transit
1211 2510 1254 2555 G
1377 2515 1430 2554 13
1463 2510 1494 2555 f.
1528 2510 1640 2555 dum
1670 2510 1702 2555 f.
1735 2510 1778 2555 G

129 2572 186 2611 14
216 2568 519 2613 mirmidonas
551 2569 625 2613 his
658 2570 904 2627 suppecias
939 2572 1170 2614 uenerunt
1201 2569 1454 2614 exercitum
1484 2569 1814 2614 retinuerunt

125 2626 248 2684 inpr.
281 2626 325 2671 G
453 2633 507 2672 15
541 2628 669 2672 de—
688 2629 982 2687 occiduntur]
1009 2629 1090 2696 ille
1133 2629 1306 2673 multos
1345 2628 1518 2696 occidit
1556 2628 1599 2673 G
1724 2635 1778 2674 16

126 2685 387 2742 proeliatur
418 2686 461 2731 G
487 2689 493 2743 Ι
521 2700 698 2744 aequus
729 2688 772 2731 L
896 2693 948 2732 17
981 2687 1173 2732 ueniens
1204 2687 1249 2731 L
1371 2692 1424 2732 18
1460 2687 1563 2744 ipso
1596 2690 1703 2733 add.
1736 2688 1779 2731 L

118 2747 229 2800 post
259 2757 315 2788 ex
350 2747 355 2800 Ι
391 2745 588 2802 quod—
606 2746 781 2805 potuit]
827 2749 875 2792 et
907 2747 1218 2792 subtraxisset
1248 2746 1339 2791 nisi
1369 2760 1586 2791 memnon
1619 2761 1778 2804 super-

127 2803 335 2848 uenisset
374 2804 616 2861 suppetias
650 2804 693 2849 G
820 2811 876 2851 20
916 2808 964 2851 et
1001 2807 1105 2850 add
1146 2806 1189 2849 L
1218 2809 1327 2862 post
1363 2806 1584 2850 Memnon
1720 2811 1776 2850 21

124 2861 307 2906 sauciat
330 2861 373 2906 G
401 2865 405 2918 Ι
434 2862 613 2907 sautius
639 2862 683 2908 G
798 2869 854 2908 22
887 2865 1010 2910 redit
1041 2864 1084 2909 G
1110 2865 1116 2921 Ι
1145 2878 1361 2910 memnon
1385 2864 1648 2921 insequitur
1671 2879 1779 2910 eum

127 2922 179 2964 et
208 2934 313 2965 cum
344 2921 506 2966 multis
537 2922 873 2979 inpressionem
904 2923 1032 2968 facit.
