1956 3178
476 115 479 121 '
547 105 735 147 BELLI
764 103 1018 150 TROIANI
1047 105 1164 147 LIB.
1197 105 1281 148 111.
1655 103 1724 157 63

35 262 40 265 ·
110 230 264 287 licius
290 248 452 300 quam
477 230 725 283 solertius
752 229 1114 282 confirmavit:
1153 230 1231 282 ita
1255 229 1470 299 dirupto
1507 230 1723 284 vinculo

111 301 358 382 columba
404 319 526 353 cum
569 301 804 353 maxima
849 300 1038 368 populi
1077 299 1463 354 adclamatione
1511 299 1722 353 decidit.

108 372 347 441 praemia
373 371 678 424 certaminis
705 371 818 423 eius
836 369 1108 423 Meriones
1134 374 1295 440 atque
1322 370 1510 424 Ulixes
1535 371 1722 424 tulere.

110 442 350 495 Achilles
388 442 588 510 duplici
627 444 776 494 extra
823 440 1064 493 ordinem
1107 460 1327 494 munere
1364 442 1723 495 Philoctetam

110 513 288 566 donat.
1746 530 1766 561 5

251 582 398 636 XIX.
463 581 633 636 Cursu
670 582 835 652 longo
866 583 1193 635 certantibus
1222 582 1361 635 Oilei
1388 563 1527 636 Aiax
1553 583 1726 636 victor

111 654 398 723 excipitur,
437 656 560 722 post
604 671 761 721 quem
810 653 1071 706 secundus
1109 653 1449 722 Polypoetes,
1525 654 1726 723 duplici

110 742 298 793 campo
336 695 630 793 Machaon,
679 724 761 776 sin
803 724 939 776 ulari
963 723 1308 804 EurypyIUS,
1357 725 1496 777 saltu
1535 724 1726 805 Tlepo-

109 795 304 863 10111118,
356 794 499 847 disco
548 794 768 847 Antiloc
811 813 872 846 us
922 794 1151 847 victores
1198 797 1413 848 abeunt.
1488 795 1728 876 praemia

108 865 347 918 luctandi
383 865 587 918 intacta
623 883 988 934 permansere,
1039 866 1237 934 quippe
1275 866 1415 918 Aiax
1463 866 1725 935 arripiens
1750 882 1789 913 10

109 935 344 988 medium
382 935 580 988 Ulixen
628 936 811 1004 deicit,
859 936 952 1004 qui
999 954 1159 988 ruens
1205 936 1430 1004 pedibus
1478 938 1590 989 eius
1629 937 1726 1017 cir-

35 1038 50 1049 8
111 1007 486 1075 cumvertitur,
525 1010 684 1076 atque
723 1008 798 1059 ita
835 1007 1147 1076 praepedito
1196 1007 1543 1077 obligatoque
1590 1007 1721 1060 nixu

110 1077 250 1130 Aiax
296 1095 467 1146 paene
515 1078 620 1129 iam
668 1078 841 1130 victor
896 1078 963 1129 ad
1009 1081 1207 1130 terram
1255 1079 1377 1130 ruit.
1463 1078 1725 1131 caestibus

111 1147 425 1216 reliquoque
476 1166 732 1200 manuum
781 1148 1070 1200 certamine
1118 1147 1258 1200 idem
1295 1148 1435 1200 Aiax
1483 1148 1726 1201 Telamo-

109 1218 232 1270 nius
268 1219 499 1286 palmam
538 1219 715 1271 refert.
791 1236 948 1271 cursu
996 1219 1052 1270 in
1090 1219 1249 1271 armis
1286 1222 1558 1299 postremo
1596 1219 1726 1272 Dio·
1749 1233 1790 1266 15

110 1289 288 1341 medes
324 1289 638 1358 praevaluit.
704 1289 827 1341 dein
864 1289 957 1341 ubi
991 1290 1228 1357 praemia
1267 1290 1573 1343 certaminis
1609 1308 1727 1359 per-

110 1359 287 1412 soluta
323 1362 472 1427 sunt,
511 1359 750 1412 Achilles
787 1359 1020 1427 primum
1059 1361 1301 1413 omnium
1326 1362 1726 1430 Agamemnoni

111 1429 336 1499 donum,
422 1431 529 1482 uod
577 1431 625 1483 ei
672 1430 1150 1484 honoratissimum
1196 1431 1501 1500 videbatur,
1554 1432 1724 1500 offert,

110 1500 342 1553 secundo
380 1448 624 1568 glestori,
662 1500 952 1553 Idomeneo
990 1502 1177 1570 tertio,
1216 1505 1341 1570 post
1378 1520 1512 1571 quos
1550 1502 1720 1555 Poda-

109 1571 232 1623 11110
271 1574 326 1623 et
354 1570 656 1639 Machaoni,
697 1571 819 1623 dein
857 1571 1077 1640 reliquis
1114 1590 1213 1641 pro
1252 1573 1444 1625 merito
1485 1573 1720 1642 ducibus,
1748 1589 1790 1621 20

111 1640 178 1694 ad
213 1643 542 1709 postremum
571 1660 754 1694 eorum
794 1642 967 1711 sociiS,
1007 1643 1099 1711 qui
1137 1644 1195 1695 in
1220 1643 1362 1695 bello
1403 1644 1722 1697 occiderant.

111 1711 301 1780 hisque
337 1711 673 1781 mandatum,
712 1713 816 1781 uti,
857 1730 978 1765 cum
1015 1717 1226 1782 tempus
1263 1714 1467 1783 fuisset,
1508 1714 1726 1767 domum

111 1782 177 1834 ad
201 1783 526 1836 necessarios
565 1801 748 1836 00111111
782 1783 1098 1864 perferrent:
1162 1787 1450 1854 postquam
1487 1785 1726 1838 certandi

111 1853 576 1933 praemiorumque
613 1854 735 1906 finis
772 1854 946 1906 factus
985 1858 1038 1907 et
1081 1855 1189 1907 iam
1227 1855 1333 1908 diei
1370 1874 1559 1924 vesper
1595 1860 1724 1925 erat,

111 1923 176 1975 ad
217 1941 313 1976 sua
350 1925 574 1993 quisque
612 1925 848 1977 tentoria
886 1925 1186 1978 discessere.
1747 1941 1790 1974 25

252 1993 370 2047 XX.
436 1996 512 2047 At
558 1994 691 2047 lucis
738 1995 1006 2075 principio
1042 1996 1288 2048 Priamus
1326 1996 1542 2077 lugubri
1580 1999 1726 2050 veste

110 2064 412 2117 miserabile
450 2068 623 2117 tectus
671 2066 756 2117 cui
805 2065 959 2118 dolor
995 2084 1109 2118 non
1147 2066 1304 2119 decus
1342 2067 1575 2137 regium,
1614 2086 1726 2120 non

113 2134 279 2187 ullam
315 2135 455 2188 tanti
492 2136 729 2188 nominis
776 2139 935 2204 atque
983 2136 1156 2189 famae
1195 2138 1426 2206 speciem
1463 2138 1725 2206 reliquam

23 2236 27 2237 ν
113 2204 338 2273 fecerat,
390 2206 638 2258 manibus
676 2206 934 2287 vultuque
982 2207 1310 2276 supplicibus
1359 2208 1426 2260 ad
1475 2208 1726 2288 Achillen

113 2275 262 2327 venit
307 2293 427 2327 011111
453 2276 845 2345 Andromacha,
884 2278 940 2330 in
982 2296 1087 2346 qua
1111 2296 1223 2331 non
1250 2280 1428 2331 minor
1465 2297 1626 2347 quam
1663 2279 1722 2331 in
1744 2294 1786 2326 30

111 2344 325 2398 Priamo
372 2346 658 2399 miseratio,
731 2365 793 2399 ea
838 2349 1035 2416 quippe
1085 2348 1384 2402 deformata
1434 2349 1723 2418 multiplici

112 2416 272 2469 modo
312 2417 668 2486 Astyanacta,
707 2436 865 2486 quem
902 2419 1154 2471 nonnulli
1193 2418 1597 2472 Scamandrium
1635 2439 1725 2488 ap-

111 2486 386 2554 pellabant
432 2490 486 2540 et
532 2488 899 2541 Laodamanta
943 2490 1196 2558 parvulos
1244 2489 1529 2542 admodum
1579 2490 1720 2543 filios

285 2615 581 2658 XX—XXIV
613 2617 769 2659 Malal.
803 2620 896 2660 157.
930 2620 1011 2660 158
1043 2619 1233 2660 Cedren.
1266 2620 1302 2658 P
1326 2620 1420 2660 127.
1456 2621 1536 2661 128
1568 2620 1722 2663 Tzetz.

26 2729 29 2740 ι
113 2672 294 2712 Homer.
328 2675 411 2714 307
449 2686 548 2726 seq.
581 2674 736 2716 Const.
766 2675 969 2716 Manass.
1009 2675 1044 2716 P
1076 2678 1130 2716 29
1170 2673 1365 2716 Ptolem.
1398 2675 1462 2715 VI
1502 2689 1546 2729 p.
1582 2678 1650 2726 35,
1683 2678 1722 2717 5.

226 2788 252 2826 3
282 2786 498 2825 mex-ionis
532 2786 566 2826 G
702 2790 748 2827 11
785 2788 1158 2828 circumflectitur
1191 2787 1230 2827 B
1363 2790 1414 2829 19
1456 2788 1654 2829 idomeni
1689 2789 1724 2829 G

113 2840 344 2881 idomeuei
375 2841 417 2880 B
512 2843 568 2882 29
598 2843 798 2896 supplici
830 2844 883 2884 B.
972 2847 1023 2886 31
1052 2855 1251 2896 quocum
1282 2844 1601 2886 Andromacha
1632 2858 1722 2886 non

115 2896 232 2948 libri,
265 2911 378 2939 corr.
411 2898 583 2950 Peiper.
