1956 3178
0 1 2 11 ι
109 0 146 9 1⁷⁷·
164 0 174 11 υ.
188 0 218 15 Ᾰ-ς·
236 0 246 10 κ
263 2 282 9 γι

0 0 201 88 e
295 15 304 22 -

20 84 57 105 ,,

528 117 716 164 BELLI
745 121 994 164 TROIANI
1024 121 1142 162 LIB.
1176 119 1234 164 11.
1353 161 1361 165 ,
1625 119 1691 172 37

72 251 243 303 ventu
304 246 564 300 dissoluto
630 245 830 315 singuli
896 263 1050 317 reges
1106 246 1173 299 ad
1226 248 1694 316 Agamemnonem

74 319 276 373 adeunt
322 335 551 387 eumque
598 316 782 370 multis
827 316 1040 385 probris
1077 317 1436 385 insecuntur,
1497 316 1695 384 quippe

74 389 167 459 qui
216 390 284 443 ob
332 406 568 442 amorem
617 388 859 456 captivae
916 387 1155 440 mulieris
1204 406 1364 456 seque
1414 390 1492 455 et,
1552 386 1697 455 quod

75 460 509 531 indignissimum
556 457 850 526 videretur,
897 459 1035 511 tanti
1082 459 1320 511 numinis
1369 458 1526 510 deum
1572 475 1696 510 con—

75 531 303 600 temptui
351 529 650 583 habuisset:
707 546 768 581 ac
817 546 942 581 mox
990 530 1228 581 universi
1280 530 1510 582 execrati
1554 528 1696 580 dese·
1721 546 1741 578 5

75 620 228 656 ruere
285 601 354 654 ob
411 600 466 652 id
525 603 578 652 et
614 616 876 652 memores
915 599 1243 665 PalamediS,
1286 619 1445 669 quem
1484 602 1698 669 gratum

75 675 457 742 acceptumque
513 671 570 723 in
627 670 861 723 exercitu
924 670 1067 723 haud
1125 672 1239 723 sine
1297 671 1523 723 consilio
1585 670 1698 722 eius

75 743 364 797 Diomedes
402 745 562 811 atque
601 739 788 794 Ulixes
828 741 950 794 dolo
990 742 1413 794 circumventum
1461 741 1699 793 necavis-

78 817 212 868 sent.
277 815 511 867 ceterum
537 811 776 865 Achilles
814 812 872 864 in
912 830 1003 864 ore
1043 813 1284 865 omnium
1323 813 1606 881 ipsumque
1646 814 1700 863 et

77 884 383 938 Menelaum
421 882 760 937 contumeliis
798 883 1081 936 lacerabat.
1726 897 1764 929 ιο

219 954 390 1008 ΧΧΧ.
468 954 643 1024 Igitur
693 953 922 1022 Chryses
969 955 1062 1006 ubi
1118 954 1371 1006 iniuriam
1417 970 1699 1022 perpessus

79 1027 144 1080 ab
171 1027 580 1097 Agamemnone
607 1024 825 1078 domum
864 1024 1106 1077 discessit
1142 1042 1317 1094 neque
1343 1025 1500 1076 multi
1539 1024 1700 1076 fluxe-

85 1099 208 1150 rant
255 1097 390 1165 dies,
438 1097 703 1149 incertum
762 1095 940 1148 alione
996 1113 1120 1148 casu
1170 1115 1264 1164 an,
1322 1096 1403 1148 uti
1451 1094 1701 1148 omnibus

83 1167 389 1235 videbatur,
446 1167 527 1219 ira
572 1165 844 1235 Apollinis
892 1167 1110 1219 morbus
1195 1166 1504 1220 ravissimus
1556 1182 1699 1217 exer-

81 1238 246 1291 citum
284 1236 491 1291 invadit
526 1236 792 1306 principio
837 1237 1115 1306 grassandi
1154 1184 1296 1290 {icto
1334 1257 1365 1289 a
1401 1236 1699 1305 pecoribUS,
1726 1249 1766 1281 15

83 1308 206 1361 dein
252 1308 394 1361 malo
442 1307 703 1376 paulatim
749 1308 921 1377 magis
969 1309 1247 1378 magisque
1293 1309 1701 1377 ingravescente

80 1397 178 1449 per
213 1378 459 1432 homines
497 1377 836 1448 dispergitur.
899 1381 1015 1431 tum
1054 1397 1181 1431 vero
1221 1380 1302 1431 vis
1328 1395 1526 1448 magna
1563 1395 1702 1430 mor-

81 1449 271 1503 talium
308 1449 621 1518 corporibus
658 1448 899 1518 fatigatis
948 1450 1202 1518 pestifera
1248 1449 1584 1519 aegritudine
1623 1449 1703 1500 in-

81 1519 246 1574 fando
294 1520 361 1572 ad
409 1522 738 1588 postremum
797 1520 959 1573 exitio
1008 1521 1279 1573 interibat.
1368 1519 1459 1572 sed
1516 1536 1703 1589 regum

85 1591 306 1644 omnino
354 1590 535 1643 nullus
581 1607 756 1659 neque
802 1594 1045 1643 mortuus
1093 1609 1155 1643 ex
1193 1591 1297 1643 hoc
1347 1591 1489 1643 malo
1528 1607 1702 1658 neque
1725 1603 1767 1634 20

84 1661 442 1730 adtemptatus
491 1664 584 1714 est.
670 1663 904 1713 ceterum
960 1665 1246 1730 postquam
1300 1662 1481 1714 nullus
1530 1661 1706 1714 morbi

84 1732 273 1786 modus
312 1735 366 1784 et
399 1732 458 1784 in
484 1731 595 1784 dies
620 1731 800 1800 plures
838 1732 1147 1801 interibant,
1187 1733 1367 1785 cuncti
1397 1732 1555 1784 duces
1581 1749 1705 1784 con-

88 1821 242 1856 verso
280 1802 388 1855 iam
425 1803 483 1854 in
521 1820 576 1855 se
616 1802 840 1871 quisque
878 1804 1071 1856 timore
1109 1804 1167 1855 in
1205 1822 1372 1855 unum
1411 1806 1607 1856 coeunt
1644 1820 1704 1854 ac

88 1872 213 1926 dein
250 1872 492 1943 flagitare
519 1872 828 1941 Calchanta,
869 1892 1024 1942 quem
1064 1875 1369 1927 futurorum
1405 1874 1703 1942 praescium

86 1943 499 1996 memoravimus
509 1985 524 2012 ‚
572 1944 652 1996 uti
690 1962 902 1997 causam
943 1945 1070 1997 mali
1116 1946 1255 1997 tanti
1294 1945 1538 1996 ediceret.
1613 1943 1704 1995 ille
1729 1954 1770 1987 25

88 2014 231 2068 enim
268 2015 567 2083 perspicere
606 2031 660 2066 se
687 2015 953 2084 originem
980 2015 1200 2067 huiusce
1227 2015 1417 2082 morbi,
1446 2017 1536 2067 sed
1562 2013 1705 2066 haud

89 2085 318 2138 liberum
357 2102 469 2138 esse
508 2085 757 2153 cuiquam
796 2085 1003 2154 eloqui,
1052 2104 1116 2138 ex
1156 2104 1260 2154 quo
1301 2085 1585 2154 accideret,
1627 2085 1705 2136 uti

41 2159 45 2161 ’
89 2155 450 2224 potentissimi
487 2155 629 2226 regis
673 2155 1014 2208 contraheret
1051 2157 1324 2210 offensam.
1401 2159 1524 2225 post
1570 2173 1705 2224 quae

91 2225 330 2278 Achilles
377 2242 530 2294 reges
576 2225 819 2295 singulos
858 2226 1050 2297 adigit,
1101 2230 1161 2280 ut
1197 2227 1516 2296 interposita
1554 2226 1706 2278 iurisff

89 2295 302 2348 iurandi
348 2295 610 2365 religione
657 2297 1036 2350 confirmarent
1069 2316 1409 2367 nequaquam
1447 2315 1502 2350 se
1539 2297 1607 2349 ob
1646 2314 1708 2348 ea
1730 2308 1771 2341 30

93 2365 304 2419 offendi.
379 2365 478 2418 hoc
514 2366 673 2419 modo
713 2365 936 2420 Calchas
947 2411 961 2437 ,
1002 2370 1093 2421 ubi
1141 2372 1456 2422 cunctorum
1500 2369 1707 2420 animos

90 2437 148 2488 in
175 2454 230 2489 se
257 2436 578 2506 conciliavit,
600 2437 872 2506 Apollinis
892 2439 1028 2491 iram
1048 2440 1390 2508 pronuntiat:
1421 2457 1541 2491 eum
1560 2455 1707 2490 nam-

93 2525 195 2576 que
234 2507 301 2560 ob
340 2507 591 2560 iniuriam
631 2509 917 2562 sacerdotis
954 2509 1212 2563 infestum
1254 2509 1469 2562 Graecis
1506 2526 1707 2577 poenas

93 2579 159 2630 ab
198 2578 432 2630 exercitu
471 2581 734 2647 expetere.
800 2580 923 2632 dein
960 2583 1304 2649 perquirente
1330 2580 1542 2632 Achille
1579 2579 1707 2631 mali

93 2647 387 2700 remedium
422 2649 814 2702 restitutionem
853 2651 1078 2720 virginis
1115 2651 1447 2718 pronuntiat.
1730 2660 1771 2694 35

211 2807 261 2846 12
307 2806 537 2847 fluxerunt
577 2806 618 2846 P
746 2807 798 2847 15
844 2807 971 2848 facta
1014 2807 1074 2850 G¹
1213 2809 1268 2848 24
1313 2808 1591 2849 chalchanta
1631 2806 1710 2848 GB

96 2862 151 2903 25
190 2861 478 2913 Wopkensius
505 2862 768 2904 scribendum
798 2876 890 2905 esse
922 2866 1105 2904 censuit:
1137 2863 1216 2904 ille
1249 2868 1404 2906 autem
1492 2866 1546 2904 27
1577 2876 1709 2904 acee-

98 2916 227 2959 deret
261 2917 296 2959 G
390 2919 444 2959 28
477 2930 614 2970 quam
646 2919 724 2960 GB
840 2922 894 2960 29
935 2919 1090 2973 adegit
1124 2919 1197 2965 G²‚
