1956 3178
276 109 346 162 84
786 108 1006 151 DICTYS
1038 108 1374 151 CRETENSIS
1437 153 1448 166 ,

275 235 395 288 nice
441 238 600 303 atque
649 234 797 286 omni
843 232 1247 304 Myrmidonum
1304 234 1538 287 exercitu
1584 251 1762 288 comas
1809 252 1894 289 se-⁴

274 305 501 375 pulchro
558 304 782 372 deponit
834 307 1220 373 pernoctatque
1272 305 1331 356 in
1383 304 1519 357 loco,
1610 322 1706 373 per
1745 305 1888 358 idem

275 381 488 444 tempus
526 374 624 426 filii
652 373 989 443 Antimachi,
1025 374 1088 427 de
1127 393 1234 444 quo
1274 393 1435 443 supra
1459 376 1888 444 memoravimuS,

277 446 515 499 adiuncti
561 445 764 497 Priami
821 447 979 497 rebus
1050 444 1116 498 ad
1162 445 1429 498 Helenum
1474 445 1700 498 veniunt
1746 464 1891 498 eum-

236 532 257 564 5
282 535 383 586 que
422 518 483 569 ut
518 512 588 568 'ad
624 515 915 568 amicitiam
951 533 1073 568 cum
1109 518 1219 569 suis
1261 516 1443 569 redeat
1480 516 1761 585 deprecati,
1796 517 1890 569 ubi

278 587 418 639 nihil
464 587 782 655 proficiunt,
835 585 901 638 ad
948 604 1071 640 suos
1109 589 1405 639 remeantes
1441 586 1692 639 Diomedi
1729 589 1889 656 atque

278 658 431 710 Aiaci
469 657 624 710 alteri
660 657 867 709 itineris
913 658 1087 710 medio
1127 660 1436 710 occurrunt:
1486 658 1552 710 ab
1591 657 1709 726 quis
1747 662 1888 710 com-⁴

277 728 530 798 prehensi
575 727 923 796 perductique
980 727 1047 780 ad
1102 746 1290 796 naveS‚
1347 729 1567 796 quinam
1612 731 1789 780 essent
1835 730 1890 781 et

278 817 390 852 rem
460 799 528 851 ob
588 816 749 867 quam
803 802 1064 851 venerant
1124 817 1337 851 omnem
1397 798 1700 867 expediunt.
1773 801 1891 850 tum

216 886 257 918 10
279 868 544 922 recordati
592 869 760 937 patris
816 887 1001 922 eorum
1057 872 1110 922 et
1164 887 1299 938 quae
1348 869 1627 921 adversum
1681 868 1889 938 legatos

279 940 474 992 dixerit
520 939 844 1007 molitusque
894 940 985 1004 sit,
1033 939 1173 992 tradi
1217 958 1306 992 eos
1342 940 1691 1008 popularibus
1728 942 1888 1008 atque

280 1014 404 1063 ante
451 1013 796 1078 conspectum
842 1010 1194 1062 barbarorum
1238 1010 1461 1078 produci
1510 1010 1723 1078 iubent,
1767 1009 1892 1062 dein

278 1080 545 1149 lapidibus
591 1080 801 1132 iniectis
847 1081 1041 1132 necari.
1126 1080 1340 1132 interim
1389 1079 1681 1132 Alexandri
1726 1078 1889 1133 funus

280 1170 376 1220 per
423 1154 634 1219 portam
679 1151 840 1203 aliam
877 1150 944 1202 ad
982 1149 1267 1218 Oenonen,
1306 1169 1442 1219 quae
1481 1150 1531 1202 ei
1568 1153 1692 1203 ante
1728 1149 1886 1203 Hele-

217 1239 259 1270 15
280 1240 384 1274 nae
429 1224 643 1290 raptum
679 1224 960 1289 nupserat,
1009 1221 1295 1273 necessarii
1341 1221 1424 1273 sui
1460 1221 1541 1273 uti
1578 1220 1893 1290 sepeliretur

280 1292 574 1362 perfer-unt.
651 1292 744 1344 sed
769 1291 959 1344 -fertur
1005 1290 1268 1344 Oenonen
1313 1292 1429 1344 viso
1478 1291 1731 1344 cadavere
1767 1290 1893 1343 Ale-

279 1362 472 1415 xandri
509 1361 640 1414 adeo
680 1365 1027 1430 commotam,
1076 1362 1157 1414 uti
1194 1362 1388 1414 amissa
1424 1365 1603 1414 mente
1643 1362 1889 1430 obstupe-

280 1434 435 1485 fieret
479 1450 540 1484 ac
585 1432 846 1501 paulatim
900 1451 996 1500 per
1042 1450 1338 1485 maerorem
1388 1432 1665 1484 deficiente
1711 1431 1892 1484 aninlo

282 1502 601 1557 concideret.
694 1505 853 1571 atque
912 1503 989 1555 ita
1043 1521 1151 1555 uno
1200 1503 1490 1571 eodemque
1535 1502 1724 1554 funere
1771 1519 1894 1554 cum

141 1614 146 1617 .
219 1591 263 1623 20
284 1573 593 1626 Alexandro
633 1573 952 1642 contegitur.

424 1643 599 1696 XXII.
676 1643 925 1696 Ceterum
963 1643 1183 1696 Troiani
1191 1685 1205 1711 ,
1255 1644 1347 1695 ubi
1393 1643 1563 1695 hostis
1606 1642 1771 1694 muris
1814 1642 1895 1694 in-

283 1715 452 1767 festus
488 1714 660 1784 magis
697 1714 974 1783 magisque
1013 1714 1207 1782 saevit,
1256 1732 1431 1782 neque
1468 1714 1576 1765 iam
1612 1711 1895 1765 resistendi

285 1784 566 1837 moenibus
605 1802 725 1852 spes
762 1784 986 1836 ulterius
1035 1787 1115 1835 est
1151 1787 1244 1836 aut
1281 1785 1420 1836 vires
1458 1783 1664 1851 valent,
1714 1782 1894 1835 cuncti

285 1873 532 1925 proceres
570 1854 888 1907 seditionem
925 1854 1178 1907 adversus
1204 1854 1478 1906 Priamum
1517 1853 1783 1906 extollunt
1820 1855 1897 1906 at-

222 1943 266 1976 25
288 1944 391 1995 que
447 1925 560 1977 eius
616 1925 857 1994 regulos:
915 1925 1143 1993 denique
1196 1924 1365 1978 accito
1421 1925 1607 1976 Aenea
1665 1923 1895 1992 filiisque

286 1996 581 2048 Antenoris
631 1995 924 2048 decernunt
964 1995 1106 2047 inter
1142 2012 1223 2062 se,
1272 1994 1353 2046 uti
1391 1994 1600 2046 Helena
1637 2011 1757 2046 cum
1793 1993 1895 2061 his,

289 2084 424 2135 quae
473 2066 653 2118 ablata
699 2069 875 2133 erant,
927 2066 994 2118 ad
1029 2065 1334 2117 Menelaum
1382 2065 1676 2117 duceretur.
1751 2063 1896 2132 quod

286 2138 573 2205 postquam
627 2135 943 2204 Deiphobus
1009 2136 1289 2205 cognovit,
1350 2134 1649 2187 traductam
1713 2133 1781 2185 ad
1840 2151 1896 2186 se

289 2205 552 2258 Helenam
581 2206 924 2258 matrimonio
964 2206 1065 2258 sibi
1102 2205 1361 2275 adiungit.
1425 2207 1659 2258 ceterum
1694 2204 1898 2273 ingres-

226 2293 267 2325 30
290 2295 379 2329 sus
417 2276 706 2329 concilium
742 2276 986 2328 Priamus
999 2318 1013 2344 ,
1053 2276 1146 2328 ubi
1182 2276 1351 2328 multa
1388 2276 1454 2327 ab
1490 2276 1676 2327 Aenea
1712 2277 1898 2327 contu-

289 2347 512 2400 meliosa
547 2347 757 2416 ingesta
793 2350 932 2414 sunt,
973 2346 1039 2398 ad
1074 2349 1404 2414 postremum
1443 2364 1508 2398 ex
1533 2344 1744 2398 consilii
1780 2362 1898 2396 sen-

290 2417 462 2471 tentia
507 2417 656 2469 iubet
703 2416 770 2469 ad
818 2416 1047 2469 Graecos
1096 2435 1214 2468 cum
1264 2415 1527 2468 mandatis
1574 2414 1702 2467 belli
1735 2414 1898 2483 depo-

289 2487 455 2539 nendi
502 2488 580 2539 ire
627 2489 986 2540 Antenorem:
1035 2487 1128 2555 qui
1177 2505 1240 2538 ex
1285 2486 1452 2539 muris
1499 2485 1712 2554 signum
1755 2484 1898 2554 lega-

290 2557 456 2609 tionis
505 2558 815 2626 ostendens,
874 2557 966 2609 ubi
1021 2575 1053 2608 a
1106 2557 1303 2609 nostris
1359 2573 1623 2608 recessum
1678 2558 1781 2624 est,
1831 2553 1900 2607 ad

230 2642 272 2675 35
293 2645 458 2680 naves
496 2628 660 2680 venit.
739 2628 828 2680 ubi
875 2627 1108 2696 benigne
1156 2627 1413 2679 salutatus
1450 2629 1610 2694 atque
1648 2627 1898 2694 exceptus

407 2787 432 2824 3
472 2783 527 2824 de
567 2785 729 2837 quibus
767 2786 858 2826 PV
988 2786 1040 2824 14
1085 2796 1168 2837 per
1206 2788 1386 2836 partem
1434 2783 1573 2823 aliam
1616 2784 1778 2835 portae
1818 2779 1899 2823 GB

292 2845 479 2881 nostrum
510 2841 773 2882 Dederielzus
881 2842 934 2882 14
966 2841 1018 2881 16
1056 2843 1297 2882 teononem
1330 2839 1366 2881 G
1477 2841 1529 2880 31
1559 2839 1608 2878 in
1645 2836 1832 2878 concilii
1862 2835 1900 2878 G

295 2907 416 2936 cons.
450 2896 491 2936 B
553 2909 610 2937 ex
640 2909 761 2938 cons.
798 2898 891 2937 VP.
