1956 3178
252 103 353 157 148

275 239 367 275 tam
399 234 528 276 venit
560 235 621 275 VI
645 238 670 275 3
702 234 852 276 Oresti
874 233 1014 274 filiam

278 304 405 332 suam
439 290 696 344 despondet
725 291 790 332 VI
818 292 847 331 4

249 348 549 389 Menestheus
579 347 878 388 Atheniensis
909 347 930 386 I
963 347 1016 386 14

277 407 328 445 17
362 405 504 444 aciem
527 403 709 444 ordinat
729 403 778 444 II
799 404 853 445 36
874 403 1013 444 Troia

278 464 417 514 capta
463 460 521 501 ab
562 460 922 501 Atheniensibus
966 459 1014 499 in

277 530 465 570 regnum
506 516 725 570 recipitur
753 517 817 558 VI
837 518 862 556 2
905 515 1014 556 Ore-

282 578 399 615 stem
432 573 623 614 adiuvat
651 573 716 614 VI
746 575 773 613 4

248 633 530 671 mercatores
558 630 604 671 11
635 630 661 669 8

247 687 479 727 Meriones
518 686 629 727 Moli
668 685 788 726 filius
826 684 1013 726 Creten·

278 744 340 784 sis
371 743 488 783 Prol.
521 743 543 782 Ι
578 744 598 782 1
634 744 684 783 13
719 744 767 782 17
802 741 1012 782 vulnera-

276 804 350 840 tur
378 799 424 839 ΙΙ
455 799 509 840 38
549 798 801 851 sagittandi
838 798 1014 851 peritus

276 856 346 898 III
380 858 401 895 1
437 857 487 897 18
526 856 590 896 IV
621 857 646 896 2
711 856 761 895 in
817 858 1014 895 montem

279 912 407 954 Idam
445 911 572 952 uadit
610 912 680 953 III
714 913 764 951 12
832 910 1014 964 legatus

278 969 334 1009 de
364 981 482 1022 pace
514 970 555 1009 V
587 970 639 1009 lO
684 979 872 1020 regnum
905 965 1015 1007 Cre·

276 1029 352 1066 tae
382 1025 552 1076 recipit
579 1024 642 1064 VI
671 1025 696 1063 6

248 1080 473 1123 Mesthles
497 1079 617 1120 filius
637 1079 927 1120 Talaemenis
958 1083 1014 1120 ex

282 1137 496 1178 Maeonia
526 1137 573 1177 II
605 1139 659 1177 35

247 1196 424 1235 Mestor
487 1194 660 1234 Priami
725 1192 845 1232 filius
914 1204 1014 1232 cum

279 1250 453 1303 Pyrrho
472 1250 687 1302 captiuus
704 1249 750 1289 in
770 1249 1013 1290 Graeciam

277 1308 398 1348 ierat
428 1306 490 1346 VI
518 1308 544 1347 9

248 1363 469 1404 Methona
499 1364 521 1403 I
554 1365 605 1402 17

250 1420 462 1460 Minerua
482 1419 546 1461 IV
565 1420 616 1459 12
647 1420 686 1459 V
703 1419 728 1459 5
750 1419 775 1457 6
796 1419 822 1459 8
843 1420 868 1459 9
893 1419 1013 1458 1011

250 1477 400 1517 Minos
431 1475 557 1516 Iouis
588 1474 709 1516 filius
740 1475 760 1515 Ι
795 1477 814 1513 1

249 1533 432 1573 Minuus
481 1535 614 1583 pater
663 1531 769 1572 Odii
819 1534 865 1571 et
910 1531 1016 1583 Epi-

279 1588 457 1640 strophi
485 1588 533 1628 II
563 1588 617 1628 35

250 1645 449 1695 Moesia,
481 1645 604 1696 Mysi
632 1644 678 1685 II
711 1646 730 1683 1
765 1645 790 1683 4
822 1645 875 1684 35

250 1701 441 1743 Molossi
471 1701 535 1741 VI
567 1702 590 1740 7

250 1757 399 1799 Molus
422 1761 553 1809 pater
569 1756 788 1796 Mei-ionis
810 1757 929 1795 Prol.
952 1756 1011 1794 1'1

249 1815 438 1866 Mopsus
469 1812 780 1865 Colophonius
811 1812 831 1851 I
865 1814 914 1852 17

250 1872 411 1910 Musae
463 1870 754 1910 nominantur
811 1868 1011 1908 feminae

279 1927 326 1966 in
359 1925 571 1966 convivio
605 1924 790 1964 deorum
822 1925 884 1964 VI
914 1927 937 1964 7

251 1983 474 2035 Mycenae
506 1983 526 2022 I
552 1983 602 2022 15
624 1983 676 2027 ‚17
699 1983 753 2021 20
785 1981 847 2021 Vl
868 1984 894 2021 3
914 1982 940 2020 4
966 1982 1014 2020 13

253 2038 504 2090 Mygdones
536 2051 593 2078 ex
622 2038 797 2077 Moesia
828 2037 873 2078 II
905 2039 957 2077 35

253 2094 559 2145 Myrmidones
599 2106 712 2146 gens
763 2093 1015 2133 fortissima

280 2151 326 2191 II
356 2152 409 2191 36
439 2150 503 2190 IV
538 2151 588 2189 15

251 2263 420 2302 Nastes
482 2261 717 2302 Nomionis
784 2261 903 2301 filius
959 2275 1013 2301 ex

281 2317 418 2357 Caria
448 2318 494 2358 ΙΙ
525 2319 579 2357 35
612 2317 669 2357 ab
701 2317 844 2357 Aiace
876 2314 1011 2358 Tela-

279 2374 430 2415 monio
459 2372 738 2414 interficitur
767 2373 830 2414 IV
865 2375 914 2413 12

254 2430 479 2482 Nauplius
495 2429 759 2469 Palamedis
782 2434 829 2470 et
846 2429 1012 2470 Oeacis

280 2490 413 2538 pater
441 2487 463 2526 I
497 2488 517 2524 1
551 2486 649 2538 igni
679 2485 801 2526 elato
839 2486 895 2525 ad
925 2487 1013 2525 Eu-

280 2543 444 2582 boeam
474 2540 676 2582 Graecos
714 2541 864 2595 perdit
894 2543 957 2583 VI
991 2544 1009 2580 1

252 2598 456 2638 Nausica
509 2597 688 2638 Alcinoi
737 2597 835 2638 filia
879 2597 1010 2638 Tele-

281 2653 441 2694 macho
473 2654 606 2693 nubit
635 2654 698 2694 VI
729 2655 754 2694 6

250 2709 588 2750 Neandrienses
619 2710 663 2750 11
697 2712 747 2751 13

251 2765 581 2818 Neoptolemus
601 2766 795 2806 Achillis
829 2769 874 2806 et
903 2766 1010 2806 Dei-

280 2821 460 2862 damiae
499 2821 622 2862 filius
661 2822 724 2862 IV
757 2824 807 2862 15
866 2822 1011 2874 Eury-

279 2877 435 2929 pylum
485 2878 653 2918 occidit
697 2878 760 2918 IV
802 2880 851 2918 17
912 2879 1011 2918 eius

614 108 810 150 INDEX
839 107 1128 150 NOMINUM
1160 106 1239 148 ET
1269 105 1499 150 RERUM.

1129 233 1281 274 luctus
1338 233 1397 273 ad
1445 233 1666 275 tumulum
1716 235 1864 288 patris

1130 289 1193 331 IV
1223 291 1275 330 21
1310 290 1574 342 ΙΘςειῐιιεᾱε
1607 303 1725 344 pace
1746 291 1788 333 V
1811 292 1865 333 10

1130 347 1363 387 Priamum
1394 349 1532 387 necat
1561 348 1603 388 V
1634 349 1685 388 12
1729 346 1864 400 Poly-

1128 415 1290 443 xenam
1306 402 1475 443 Achilli
1503 402 1698 444 inferias
1720 405 1864 445 sacri·
1926 447 1931 452 ,

1130 459 1270 511 ficat,
1321 458 1686 500 Andromacham
1742 463 1864 501 sorte

1129 515 1302 568 accipit
1331 516 1372 556 V
1404 517 1455 556 13
1495 517 1712 558 Hectoris
1742 515 1863 558 filios

1127 571 1307 613 Heleno
1340 571 1552 612 concedit
1580 573 1622 614 V
1644 573 1696 613 16
1724 572 1865 614 Troia

1127 629 1295 669 relicta
1325 628 1448 681 apud
1468 628 1692 670 Molossos
1721 642 1864 670 naves

1129 684 1293 737 reficit,
1324 687 1487 738 postea
1529 685 1585 726 ad
1618 685 1864 739 Sepiadum

1128 741 1236 782 litus
1259 754 1414 782 omnes
1446 741 1541 783 fere
1563 755 1707 783 naves
1731 742 1864 783 amit-

1128 799 1201 850 tit,
1233 797 1376 839 Pelea
1407 810 1541 839 avum
1563 799 1610 838 in
1642 798 1864 851 spelunca

1128 855 1322 906 reperit,
1364 854 1603 906 expulsum
1634 867 1775 908 regno
1806 854 1863 895 ab

1127 911 1301 952 Acasto
1332 911 1395 952 VI
1427 914 1450 952 7
1500 911 1754 952 vindictam
1792 923 1864 952 su-

1128 968 1211 1007 mit
1245 967 1299 1008 de
1323 967 1455 1007 Pelei
1484 967 1695 1009 hostibus
1717 971 1763 1008 et
1784 980 1864 1020 pa-

1129 1024 1213 1063 tris
1259 1023 1496 1076 imperium
1541 1024 1708 1077 recipit
1744 1023 1808 1065 VI
1838 1025 1864 1063 9

1129 1080 1424 1122 Hermionam
1454 1080 1502 1120 in
1526 1081 1865 1121 matrimonium

1129 1135 1256 1176 ducit
1295 1137 1357 1177 VI
1389 1138 1442 1177 10
1500 1135 1704 1189 Delphos
1765 1148 1864 1189 pro-

1131 1192 1279 1233 fectus
1340 1192 1397 1232 ab
1455 1191 1616 1234 Oreste
1675 1195 1866 1234 necatur

1132 1249 1193 1288 VI
1224 1250 1274 1289 12
1305 1248 1370 1288 ibi
1399 1249 1624 1301 sepelitur
1652 1249 1717 1290 VI
1749 1251 1799 1291 13

1100 1305 1341 1357 Neptunus
1363 1306 1541 1346 moenia
1561 1305 1726 1346 Troiae
1747 1308 1864 1346 stru-

1129 1364 1254 1403 xisse
1286 1361 1488 1402 creditus
1521 1365 1592 1402 est
1621 1361 1660 1401 V
1693 1363 1744 1402 11
1927 1413 1929 1415 ¹

1101 1419 1276 1459 Nereus
1295 1422 1341 1458 et
1356 1418 1521 1458 Nereis
1540 1419 1670 1461 scilic.
1693 1417 1864 1459 Chiron

1131 1479 1178 1515 et
1208 1475 1371 1515 Thetis
1399 1476 1463 1516 VI
1494 1476 1518 1515 7
1866 1484 1873 1489 ’·

1100 1532 1221 1572 Nero
1254 1530 1428 1572 Caesar
1458 1532 1690 1572 Romanus
1722 1524 1864 1583 Epist.

1134 1589 1302 1641 Proloy.

1099 1645 1267 1685 Nestor
1324 1643 1583 1684 Anaxibiae
1644 1643 1861 1695 coniunx,

1130 1702 1321 1741 maritus
1359 1699 1593 1740 Antilochi
1634 1703 1680 1740 et
1718 1699 1864 1747 Thra-

1130 1756 1327 1809 symedis
1366 1758 1386 1796 I
1422 1758 1472 1796 13
1505 1757 1556 1796 14
1645 1756 1864 1797 facundia

1131 1813 1319 1853 excellit
1349 1814 1369 1854 I
1402 1815 1456 1853 20
1493 1812 1707 1864 praedam
1743 1813 1864 1854 inter

1130 1870 1333 1910 Graecos
1364 1868 1529 1909 dividit
1559 1869 1605 1909 II
1638 1870 1689 1910 19
1718 1869 1767 1908 in
1796 1868 1864 1910 lu-

1128 1925 1197 1966 dis
1255 1924 1471 1966 Patroclo
1521 1925 1753 1966 institutis
1804 1926 1861 1966 ab

1128 1981 1304 2022 Achille
1365 1981 1536 2033 primus
1586 1985 1691 2033 post
1740 1982 1864 2034 Aga-

1129 2051 1410 2078 memnonem
1438 2037 1447 2043 *
1488 2037 1607 2077 dona
1691 2038 1864 2091 accipit

1128 2094 1199 2134 III
1222 2095 1271 2133 19
1303 2093 1485 2145 legatus
1516 2092 1572 2133 de
1602 2106 1719 2145 pace
1750 2095 1788 2135 V
1813 2095 1864 2134 10

1102 2151 1268 2191 Nireus
1302 2149 1492 2202 pulcher
1508 2162 1563 2189 ex
1601 2149 1734 2201 Syme
1762 2149 1784 2189 I
1812 2151 1864 2190 14

1132 2209 1182 2247 17
1230 2206 1501 2246 interfectus
1539 2205 1597 2245 ab
1628 2205 1862 2258 Eurypylo

1127 2263 1189 2302 IV
1213 2265 1262 2302 17
1304 2265 1562 2302 cremantur
1592 2274 1695 2302 ossa
1724 2263 1788 2303 IV
1811 2263 1862 2303 18

1098 2319 1291 2359 Nomion
1322 2322 1455 2370 pater
1484 2318 1643 2358 Nastis
1674 2321 1720 2358 et
1750 2317 1860 2358 Am·
1885 2354 1889 2356 .

1128 2375 1360 2428 phimachi
1398 2375 1444 2415 II
1473 2375 1527 2414 35

1100 2486 1317 2527 Oceanus
1338 2486 1473 2527 testis
1494 2485 1735 2526 invocatus
1751 2486 1790 2527 V
1810 2488 1862 2527 10

1101 2543 1245 2583 Odius
1277 2542 1399 2582 filius
1429 2542 1575 2580 Minui
1605 2542 1652 2582 II
1682 2545 1736 2584 35

1099 2600 1227 2639 Oeax
1276 2597 1463 2650 Nauplii
1513 2600 1559 2636 et
1609 2597 1857 2650 Clymenae

1127 2654 1274 2703 filius,
1307 2653 1570 2694 Palamedis
1608 2655 1754 2694 frater
1783 2654 1804 2694 Ι
1837 2657 1858 2694 1

1126 2710 1187 2750 VI
1219 2712 1243 2749 2
1282 2710 1419 2762 Argis
1458 2711 1735 2751 Graecorum
1781 2710 1859 2751 du-

1126 2779 1226 2806 cum
1258 2766 1453 2818 feminas
1484 2769 1642 2806 contra
1670 2766 1861 2807 maritos
1901 2777 1905 2782 ’

1127 2835 1150 2862 e
1196 2822 1314 2862 bello
1380 2821 1625 2862 redeuntes
1690 2824 1861 2863 excitat

1131 2879 1251 2919 V12
