1956 3178
453 152 533 198 DE
564 150 812 197 EXCIDIO
845 149 1071 196 TROIAE
1103 149 1407 196 HISTORIA.
1685 149 1754 204 51

53 329 62 337 ,
108 274 238 328 citui
275 276 338 326 ut
377 273 554 326 decuit
592 272 795 340 divisit,
847 271 949 324 diis
989 271 1192 342 gratias
1231 270 1366 341 egit,
1410 270 1619 324 hostias
1658 271 1756 324 im·

108 348 344 401 molavit.
415 347 604 417 quinta
643 347 727 398 die
767 346 985 399 domum
1023 345 1218 398 reverti
1256 344 1608 398 constituunt.

254 421 451 474 XLIII.
498 420 575 474 Ut
606 420 717 473 dies
749 419 1098 489 profectionis
1131 419 1370 488 advenit,
1409 420 1756 488 tempestates

107 512 337 566 magnae
369 498 583 549 exortae
617 497 745 547 sunt
774 498 828 547 et
857 511 953 563 per
984 493 1190 563 aliquot
1221 493 1333 546 dies
1366 497 1755 547 remanserunt.

108 568 334 623 Calchas
394 569 673 638 respondit
738 567 924 620 inferis
988 568 1119 620 satis
1188 567 1391 620 factum
1450 585 1564 620 non
1624 585 1754 621 esse.
1778 588 1800 622 5

105 642 463 712 Neoptolemo
500 643 559 695 in
589 645 824 695 mentem
863 641 1013 694 venit
1042 641 1373 711 Polyxenam
1411 641 1561 694 cuius
1593 659 1756 694 causa

106 720 260 786 pater
321 717 433 770 eius
486 716 742 786 perierat,
802 716 860 768 in
918 716 1069 786 regia
1120 733 1232 768 non
1286 732 1402 768 esse
1463 715 1754 769 inventam.

105 792 569 862 Agamemnonem
593 791 769 859 poscit
791 790 1157 859 conqueritur,
1196 789 1487 842 exercitum
1524 793 1754 858 accusat,

105 865 438 918 Antenorem
470 864 715 917 accersiri
757 863 907 916 iubet
950 864 1285 933 imperatque
1318 863 1388 933 ei,
1420 866 1482 915 ut
1510 863 1755 934 inquirat

106 957 225 992 eam
254 939 636 1008 inventamque
661 938 729 990 ad
753 955 808 990 se
834 938 1077 991 adducat.
1130 936 1377 990 Antenor
1411 937 1479 989 ad
1509 937 1752 990 Aeneam
1776 961 1818 994 10

103 1013 253 1066 venit
306 1015 360 1065 et
413 1012 722 1082 diligentius
780 1012 1010 1082 quaerit,
1062 1014 1124 1064 ut
1131 1054 1146 1080 ‚
1198 1012 1513 1081 priusquam
1561 1011 1752 1082 Argivi

105 1087 535 1157 proficiscantur,
588 1087 862 1156 Polyxena
914 1085 1312 1156 Agamemnoni
1364 1088 1751 1154 praesentetur.

105 1160 435 1231 Polyxenam
491 1162 558 1214 ab
606 1161 681 1213 eis
725 1160 1043 1214 absconsam
1089 1160 1318 1229 invenit,
1357 1160 1426 1212 ad
1462 1159 1750 1230 Agamem-

104 1253 303 1288 nonem
354 1235 591 1288 adducit:
647 1234 1027 1305 Agamemnon
1063 1233 1423 1303 Neoptolemo
1470 1233 1658 1302 tradit,
1704 1234 1751 1287 is

106 1327 224 1362 eam
264 1309 331 1362 ad
368 1310 636 1362 tumulum
675 1309 844 1378 patris
883 1309 1106 1378 iugulat.
1162 1308 1543 1378 Agamemnon
1580 1307 1749 1361 iratus
1775 1332 1827 1364 15,

104 1383 318 1436 Aeneae
373 1383 516 1454 quod
554 1383 882 1452 Polyxenam
921 1382 1276 1436 absconderat
1321 1400 1443 1434 eum
1486 1399 1607 1434 cum
1641 1382 1753 1435 suis

106 1457 353 1527 protinus
393 1458 457 1510 de
495 1458 672 1526 patria
711 1457 960 1511 excedere
999 1457 1162 1510 iubet.
1228 1456 1440 1509 Aeneas
1479 1474 1602 1508 cum
1641 1457 1751 1509 suis

106 1532 356 1585 omnibus
402 1532 768 1601 proficiscitur.
858 1532 1239 1602 Agamemnon
1290 1533 1580 1600 postquam
1630 1549 1760 1598 pro-›-

103 1606 275 1659 fectus
322 1608 425 1674 est,
471 1605 682 1659 Helena
726 1608 851 1675 post
903 1606 1108 1675 aliquot
1154 1605 1266 1657 dies
1323 1606 1531 1657 maesta
1576 1604 1750 1674 magis

106 1698 268 1750 quam
322 1680 535 1750 quando
585 1683 806 1734 venerat
859 1680 1076 1733 domum
1133 1681 1439 1748 reportatur
1485 1696 1606 1731 cum
1656 1697 1751 1731 suo
1776 1702 1819 1734 20

105 1753 366 1808 Menelao,
441 1753 680 1808 Helenus
719 1772 841 1807 cum
881 1753 1185 1808 Cassandra
1225 1771 1405 1826 sorore
1451 1755 1504 1806 et
1542 1751 1753 1806 Andro-

227 1995 247 2032 1
290 1991 345 2033 ut
382 1988 559 2046 decuit]
593 1988 855 2045 aequaliter
893 1989 936 2033 G
971 1992 976 2045 Ι
1011 1988 1169 2033 cuncti
1213 2002 1321 2035 eum
1368 1989 1763 2037 collaudauerunt

106 2049 213 2092 add.
240 2048 282 2092 G
305 2053 413 2104 post
444 2048 608 2092 divisit
635 2050 640 2103 1
668 2048 848 2105 gratias
879 2048 979 2106 egit
1009 2062 1092 2092 om.
1127 2047 1169 2092 G
1203 2049 1210 2108 Ι
1246 2049 1534 2108 immolauit]
1561 2051 1609 2095 et
1638 2053 1756 2095 uota

106 2107 296 2151 soluunt
319 2107 362 2151 G
467 2113 493 2150 2
518 2108 567 2151 et
597 2107 764 2163 quinta
794 2107 869 2151 die
900 2107 1109 2151 uniuersi
1140 2108 1435 2153 constituunt
1460 2109 1504 2152 L
1566 2110 1758 2165 quando

105 2165 310 2210 debeant
377 2166 568 2210 domum
634 2165 808 2210 reuerti
861 2166 1153 2211 constituunt
1206 2166 1249 2211 G
1410 2173 1435 2211 3
1495 2169 1758 2225 tempestas

105 2238 280 2327 Μῗὲἳῗ
318 2224 673 2329 θχοέζρῗέθέ
794 2230 819 2327 3
852 2224 960 2328 2⁶13}
962 2225 1058 2327 ¹32³
1086 2226 1624 2342 3⁸1335¹²Ezf¹135¹²1
1654 2241 1757 2332 ἓξὲξ

104 2297 158 2386 isi}
185 2319 227 2386 ⁰1.
271 2341 313 2386 G
441 2347 467 2387 8
508 2341 800 2398 conquiritur
836 2343 880 2385 L
915 2345 920 2399 Ι
957 2320 1141 2387 incusat
1180 2344 1223 2388 G
1353 2350 1378 2389 9
1420 2299 1643 2389 aii-‘cersire
1674 2345 1751 2404 L}

14 2417 20 2423 ·
104 2401 308 2458 imperat
348 2401 391 2445 G
425 2403 431 2458 l
465 2401 708 2458 perquirat
745 2401 877 2445 illam
917 2401 959 2445 G
1026 2402 1342 2458 inquaesitam
1383 2403 1445 2459 L,
1484 2404 1652 2460 scrz'psi
1685 2403 1753 2448 in-

106 2460 262 2516 quirat
286 2473 389 2504 eam
512 2465 566 2504 10
590 2460 924 2516 inventamque
949 2461 1009 2504 ad
1034 2474 1082 2505 se
1106 2475 1189 2505 om.
1214 2462 1256 2506 G
1280 2463 1384 2506 add.
1411 2464 1460 2506 et
1487 2464 1492 2517 Ι
1519 2463 1749 2522 Antenor]

103 2519 144 2563 is
177 2518 220 2563 G
343 2524 394 2563 11
430 2518 666 2576 quaesiuit
689 2519 732 2563 G
759 2521 764 2575 1
792 2520 921 2576 prius
947 2521 1109 2578 quam]
1137 2535 1280 2576 quam
1302 2520 1507 2577 primum
1532 2521 1575 2566 G
1697 2528 1750 2566 12

104 2576 203 2622 Pol.
235 2578 323 2635 Ag.
364 2591 512 2635 praes.
546 2590 630 2622 om.
663 2578 706 2620 L
829 2583 882 2622 13
921 2578 990 2623 ibi
1022 2579 1348 2624 absconditam
1388 2580 1429 2624 G
1465 2582 1470 2635 Ι
1507 2580 1587 2638 ad]
1622 2582 1670 2625 et
1708 2581 1753 2623 L

111 2641 166 2679 14
205 2636 370 2694 Agam.
391 2636 646 2694 —iugulat
684 2650 767 2681 om.
801 2637 843 2681 G
878 2639 883 2692 Ι
917 2637 1117 2681 tradidit
1154 2638 1197 2681 L
1328 2644 1381 2683 16
1407 2638 1529 2683 clam
1561 2640 1666 2683 add.
1709 2639 1752 2684 G

97 2699 205 2750 post
244 2695 369 2751 quod
492 2701 546 2740 17
578 2696 733 2752 patria
767 2695 1005 2741 discedere
1038 2698 1139 2752 (om.
1173 2697 1247 2754 de)
1283 2697 1325 2742 G
1352 2700 1358 2752 1
1387 2711 1493 2742 cum
1536 2698 1750 2743 omnibus

106 2753 202 2798 suis
239 2754 440 2798 nauibus
481 2754 524 2798 G
646 2760 698 2799 19
732 2757 880 2800 mesta
918 2755 1069 2813 magis
1103 2770 1246 2812 quam
1277 2758 1386 2801 ante
1419 2757 1546 2814 quod
1585 2757 1750 2803 acerri-

105 2825 231 2856 mam
261 2813 304 2856 L
364 2827 425 2857 m.
465 2827 526 2857 m.
558 2827 602 2869 q.
636 2813 803 2858 alacris
837 2814 879 2858 G
940 2829 999 2858 m.
1040 2829 1101 2858 m.
1134 2817 1182 2859 et
1220 2815 1448 2860 acerrima
1483 2830 1527 2873 q.
1561 2817 1750 2872 quando

104 2873 299 2916 uenerat
335 2871 381 2915 B
502 2877 559 2915 20
599 2871 759 2916 domui
802 2872 845 2916 G
976 2878 1027 2916 21
1062 2873 1269 2919 Helenus
1287 2874 1529 2932 -matreJ
1555 2875 1610 2919 H.
1644 2889 1750 2920 cum

104 2930 332 2975 casandra
362 2930 573 2975 heccuba
603 2933 654 2975 et
684 2931 1001 2976 andromacha
1032 2931 1087 2976 G.

1422 3010 1483 3052 4*
