1956 3178
194 174 293 212 Xw
804 153 1221 198 PRAEFATIO

195 273 514 344 χρήσαντος.
574 270 674 326 τὸν
737 270 798 325 δὲ
860 268 1317 342 αὐτομολήσαντα
1378 269 1472 326 ὑπ’
1533 269 1854 339 Ὀδυσσέως
1914 297 1931 346 4·

195 345 613 416 ἀναιρεθῆναι.“

342 422 444 474 Η10
489 422 655 490 igitur
702 421 849 472 addit
886 419 1140 472 Daretem
1179 420 1246 472 ad
1286 419 1518 474 Graecos
1557 423 1836 476 transiisse
1901 427 1946 486 j}

197 501 250 549 et
289 497 354 548 ab
381 495 537 548 Ulixe
576 494 914 546 interfectum
954 512 1080 560 esse,
1121 511 1240 545 cum
1279 494 1336 545 in
1376 498 1563 548 nostro
1603 513 1762 564 opere
1784 514 1836 564 p,
1919 498 1922 499 ⁷

196 571 289 638 52,
336 571 371 620 4
419 571 695 620 narratum
744 569 814 619 sit
861 586 981 619 eum
1027 567 1219 619 Troiae
1259 586 1379 620 cum
1418 569 1708 622 Antenoris
1754 569 1836 623 fa·
1925 567 1956 620 ἰ.

96 678 102 682 -
195 644 369 696 ctione
382 641 991 694 remansissezDaretem
1009 643 1185 692 autem
1204 645 1475 694 auctorem
1497 642 1682 696 Iliadis
1711 645 1838 696 ante

194 717 488 769 Homerum
529 717 755 783 scriptae
781 715 943 767 fuisse
966 715 1219 766 nimirum
1245 716 1497 784 quoniam
1520 716 1624 785 ipsi
1646 730 1837 785 parum

195 791 536 859 probabatur,
576 807 640 840 ex
679 789 863 841 eodem
901 788 1049 840 fonte
1072 789 1246 840 noluit
1284 792 1523 857 repetere
1549 790 1642 843 sed
1681 791 1839 843 silen-

195 865 273 916 tio
311 863 601 931 praeteriit.
1939 890 1956 910 ,ε

345 936 583 988 Tertium
609 939 690 988 est
710 935 1079 987 testimonium
1103 934 1359 987 Aeliani
1391 934 1460 1006 (a.
1491 937 1593 988 170
1617 955 1666 1005 p.
1692 934 1841 1028 Chr.)
1921 929 1956 973 j.-

195 1010 260 1062 V.
299 1010 366 1062 H.
405 1010 482 1061 XI
521 1011 569 1062 2.
621 1006 737 1077 „gu
791 1008 862 1076 ἦν
912 1003 1289 1076 Ὀροιβαντιόυ
1351 1011 1678 1078 Τροιζηνίου
1732 1011 1837 1078 ἔπη

196 1080 300 1151 πρὸ
335 1079 588 1173 Ομήρου,
628 1080 701 1143 ὥς
739 1095 912 1153 φασιν
953 1082 1010 1133 oc
1052 1078 1366 1148 Τροιζήνιοι
1405 1080 1564 1150 λόγοι
1602 1081 1694 1134 καὶ
1731 1079 1834 1136 τὸν

203 1154 396 1225 Φρύγα
438 1154 497 1208 δὲ
538 1153 784 1223 Λάρητα,
827 1154 894 1207 οὑ
924 1158 1183 1222 Φρυγίαν
1232 1150 1440 1207 Ἰλιαδα
1481 1158 1558 1208 ἔτι
1597 1154 1688 1208 καὶ
1728 1157 1838 1209 νῦν
1943 1202 1956 1223 ,

198 1226 626 1298 ἀποσωζομένην
653 1226 793 1297 οἶδα,
832 1224 937 1296 πρὸ
957 1224 1197 1296 Ὁμήρου
1220 1227 1311 1280 καὶ
1336 1230 1538 1281 τοῦτον
1573 1227 1837 1297 γενέσθαι
1891 1256 1896 1257 ’
1943 1234 1956 1299 ζ.

197 1302 472 1371 λεγουσιν
476 1303 504 1329 “
581 1301 720 1355 Satis
745 1303 954 1354 infinita
973 1306 1099 1354 sunt
1138 1320 1200 1353 ea
1238 1303 1400 1354 verba
1440 1303 1631 1372 quibus
1669 1304 1845 1356 utitur
1915 1308 1956 1360 ”i

197 1378 455 1429 Aelianus
512 1372 938 1444 αποσωζομένην
995 1371 1362 1442 οἷδα,1111(10
1418 1377 1661 1429 concludi
1726 1395 1844 1430 non

197 1453 375 1518 potest
414 1469 534 1502 eum
573 1450 712 1502 hanc
750 1449 971 1501 Iliadem
1010 1449 1205 1500 vidisse
1253 1467 1413 1517 quam
1459 1451 1574 1518 ipse
1613 1449 1836 1520 Phrygi·
1910 1466 1940 1516 g·

195 1543 311 1577 cam
351 1522 485 1593 (non
524 1522 804 1591 Graecam)
844 1523 1009 1575 fuisse
1050 1522 1190 1574 dicit.
1939 1536 1951 1586 ς

341 1597 506 1648 Plane
524 1597 666 1649 aliud
684 1600 766 1649 est
779 1596 1146 1648 testimonium
1169 1594 1407 1648 Isidori
1431 1594 1499 1667 (a.
1518 1594 1838 1666 570—640)
1906 1608 1909 1611 '
1944 1644 1956 1660 ,

196 1671 444 1740 Origines
483 1670 523 1738 Ι,
562 1671 655 1722 41:
701 1670 1014 1738 „historiam
1052 1670 1255 1737 primus
1297 1670 1437 1738 apud
1486 1688 1585 1722 nos
1624 1669 1839 1738 Moyses

196 1787 206 1796 .
218 1786 228 1797 .
240 1744 596 1811 .conscripsit;
624 1744 763 1811 apud
782 1743 1006 1812 gentiles
1024 1761 1148 1794 vero
1166 1743 1369 1811 primus
1387 1742 1556 1795 Dares
1573 1742 1843 1813 Phrygius

196 1818 259 1869 de
285 1816 500 1869 Graecis
542 1821 595 1868 et
618 1817 863 1869 Troianis
902 1816 1183 1868 historiam
1208 1816 1384 1883 edidit⁷
1429 1835 1591 1885 quam
1614 1817 1672 1868 in
1694 1816 1838 1868 foliis

193 1892 490 1973 palmarum
518 1891 584 1942 ab
611 1908 671 1942 eo
698 1891 1053 1957 conscriptam
1079 1907 1193 1940 esse
1217 1890 1407 1941 ferunt.
1437 1892 1561 1957 post
1583 1889 1836 1942 Daretem

196 1971 377 2016 autem
415 1964 472 2015 in
512 1962 734 2015 Graecia
772 1962 1076 2015 Herodotus
1116 1963 1319 2031 primus
1375 1962 1839 2061 historiographus
1899 1959 1956 2014 ²⁴}

195 2038 411 2089 habitus
453 2040 578 2089 ests
552 2038 578 2063 ‘

379 2108 482 2161 Hic
522 2111 663 2161 enim
703 2109 766 2160 de
789 2108 984 2161 Darete
1023 2127 1201 2160 rerum
1227 2109 1497 2176 scriptore,
1535 2126 1644 2161 non
1682 2111 1841 2177 poeta
1914 2092 1956 2171 ῥ’·

197 2183 408 2234 disserit
453 2201 675 2252 eumque
732 2183 1118 2251 antiquissimis
1169 2183 1498 2250 temporibus
1549 2182 1655 2234 iam
1711 2185 1836 2234 ante

193 2255 527 2308 Herodotum
601 2256 881 2307 historiam
958 2258 1281 2308 Graecorum
1357 2258 1410 2307 et
1480 2255 1837 2309 Troianorum
1906 2244 1956 2323 »ᾖ

197 2329 471 2397 scripsisse
526 2329 667 2381 dicit.
766 2328 1014 2380 Fortasse
1064 2330 1178 2396 ipse
1230 2328 1440 2397 (Dictys
1491 2326 1567 2398 et>
1619 2327 1834 2380 Daretis

195 2403 391 2454 librum
415 2402 562 2471 vidit⁷
585 2402 813 2454 fortasse
839 2421 960 2454 cum
986 2403 1203 2453 adderet
1225 2403 1282 2453 in
1304 2402 1477 2469 „foliis
1501 2400 1836 2469 palmarum“

195 2479 255 2527 ut
277 2475 538 2527 Rudolfus
577 2474 766 2542 Peiper
797 2476 1108 2543 suspicatur,
1146 2475 1383 2526 tiliarum
1421 2474 1665 2526 meminit
1703 2492 1835 2543 quas

195 2547 380 2630 Dictys
407 2566 563 2616 opere
605 2548 931 2616 conscript-as
971 2548 1134 2600 fuisse
1173 2548 1231 2599 in
1269 2547 1499 2616 Prologo
1539 2552 1611 2616 (p.
1651 2548 1701 2614 2,
1743 2544 1836 2617 18)

194 2622 436 2745 1Θὲωᾶἕὲ
463 2695 548 2746 his
586 2696 752 2764 igitur
766 2695 1086 2746 testimoniis
1126 2694 1213 2745 vix
1244 2696 1373 2761 puto
1398 2693 1642 2746 concludi
1663 2709 1838 2761 posse,

196 2766 408 2819 Daretis
450 2786 581 2835 opus
623 2767 825 2820 Graeca
861 2768 1046 2837 lingua
1087 2768 1343 2835 scriptum
1384 2767 1641 2818 extitisse:
1701 2765 1835 2817 illud

199 2843 376 2891 autem
415 2845 661 2908 apparet,
713 2841 803 2910 qui
841 2840 956 2892 fieri
992 2842 1249 2909 potuerit,
1287 2843 1348 2892 ut
1385 2857 1582 2892 nomen
1620 2837 1837 2891 Daretis
1927 2859 1931 2868 ·

194 2913 535 2979 potissimum
572 2915 710 2967 libro
748 2915 1040 2982 posteriore
1079 2917 1317 2982 tempore
1360 2914 1556 2981 scripto
1580 2911 1835 2964 inscribe-
