1956 3178
259 113 328 166 58
775 115 994 156 DICTYS
1028 113 1362 156 ORETENSIS

261 242 580 310 Agapenor,
631 239 766 291 alter
811 238 1176 291 Echinadibus
1222 239 1537 308 imperator,
1583 240 1871 308 Agapenor
1946 206 1956 275 L·

262 310 537 362 Arcadiae.
614 310 755 361 inter
793 327 928 378 quae
964 313 1076 362 tam
1124 308 1283 362 foeda
1326 312 1478 361 tanta
1522 308 1871 362 inclinatione

259 399 440 433 rerum
485 380 765 432 Patroclus
815 379 1088 433 fortunam
1135 379 1265 432 belli
1312 380 1523 431 vincere
1573 396 1868 448 aggressuS,
1939 368 1956 378 ³

262 451 390 503 dum
449 450 698 503 hortatur
758 468 883 503 suos
944 450 1102 502 simul
1162 453 1321 518 atque
1391 450 1556 502 instat
1626 449 1869 508 hostibus

221 535 244 568 5
264 522 595 590 promptiore
645 539 806 589 quam
852 520 1087 573 bellandi
1135 539 1250 573 mos
1290 523 1396 588 est,
1443 520 1551 572 telo
1588 519 1871 588 Euphorbi

262 593 398 643 ictus
442 592 573 644 ruit:
622 592 909 660 statimque
954 591 1158 643 Hector
1203 590 1460 643 advolans
1508 590 1764 658 opprimit
1808 607 1872 642 ac

263 662 488 730 desuper
527 662 836 714 vulneribus
861 662 1043 713 multis
1080 661 1241 714 fodit:
1281 678 1510 729 moxque
1536 660 1758 713 enititur
1782 660 1871 712 ab·

263 733 501 784 strahere
538 732 761 800 proelio,
801 732 1004 784 scilicet
1041 731 1327 784 insolentia
1355 731 1530 801 gentis
1570 749 1695 783 suae
1733 730 1871 782 inlu·

265 802 387 854 dere
434 803 652 870 cupiens
708 821 805 870 per
849 803 1098 856 universa
1149 819 1346 872 genera
1394 800 1869 854 debonestamenti.

201 888 243 920 10
267 873 410 941 quod
456 873 549 925 ubi
595 873 750 925 Aiaci
797 874 1073 943 cognitum
1128 875 1232 940 est,
1290 872 1478 924 relicto
1526 871 1620 923 ubi
1665 887 1872 940 pugna-

264 947 414 995 verat
458 961 684 1011 propere
732 944 988 1011 accurrit,
1037 944 1248 1011 iamque
1287 942 1490 1010 eripere
1528 941 1750 994 cadaver
1787 958 1869 994 oc-

265 1013 552 1081 cipientem
598 1014 882 1082 proturbat
935 1013 1103 1066 hasta.
1202 1013 1417 1065 interim
1474 1011 1798 1080 Euphorbus
1841 1029 1873 1063 a

264 1083 510 1136 Menelao
559 1087 612 1136 et
648 1084 812 1136 Aiace
859 1083 1026 1136 altero
1075 1101 1282 1135 summo
1332 1081 1507 1134 studio
1546 1082 1872 1134 circumven-

263 1158 350 1206 tus
399 1154 601 1206 scilicet
645 1158 832 1206 auctor
874 1154 1183 1221 interempti
1229 1153 1376 1204 ducis
1441 1155 1611 1204 morte
1671 1169 1872 1220 poenas

202 1238 243 1270 15
265 1225 380 1277 luit.
447 1224 635 1277 deinde
684 1224 978 1292 occipiente
1026 1241 1247 1292 vespera
1291 1222 1556 1291 proelium
1603 1221 1872 1274 dirimitur

264 1295 402 1347 male
441 1298 494 1346 et
520 1313 639 1347 cum
665 1294 919 1347 dedecore
944 1294 1188 1363 plurimis
1214 1296 1522 1345 nostrorum
1551 1292 1870 1344 interfectis,

407 1365 500 1417 XI.
576 1364 678 1418 Sed
714 1368 999 1433 postquam
1044 1365 1292 1416 reductae
1335 1363 1604 1431 utrimque
1642 1362 1780 1415 acies
1818 1364 1872 1414 et

265 1437 373 1488 iam
411 1436 470 1487 in
513 1438 631 1487 tuto
680 1435 831 1487 miles
868 1438 1052 1487 noster
1098 1437 1235 1502 erat,
1285 1433 1462 1486 cuncti
1499 1450 1650 1502 reges
1688 1431 1872 1484 Achil—

266 1507 371 1559 lem
424 1507 753 1558 convenjunt
826 1505 1184 1557 deformatum
1244 1504 1353 1556 iam
1416 1503 1648 1555 lacrimis
1714 1505 1873 1571 atque

203 1589 245 1622 20
269 1576 416 1629 omni
470 1576 732 1644 supplicio
788 1575 1140 1628 lamentandi:
1210 1575 1302 1641 qui
1360 1573 1518 1626 modo
1576 1575 1874 1641 prostratus

268 1647 441 1714 humi,
491 1664 635 1698 nunc
683 1645 927 1698 cadaveri
973 1645 1310 1714 superiacens
1370 1643 1501 1696 adeo
1548 1643 1876 1711 reliquorum

267 1717 474 1770 animos
512 1719 984 1784 pertemptaverat‚
1024 1719 1085 1767 ut
1121 1715 1260 1767 Aiax
1298 1716 1483 1781 etiam,
1535 1714 1627 1782 qui
1664 1711 1874 1765 solandi

269 1805 426 1839 causa
451 1786 743 1854 adstiterat,
781 1786 920 1838 nihil
956 1785 1123 1838 luctui
1153 1784 1470 1836 remitteret:
1509 1801 1610 1836 nec
1635 1782 1871 1836 Patrocli

267 1860 480 1910 tantum
517 1875 660 1909 mors
699 1857 958 1926 gemitum
993 1856 1146 1908 illum
1185 1855 1389 1907 cunctis
1426 1855 1745 1922 incusserat,
1783 1851 1876 1905 sed

207 1943 249 1976 25
271 1928 555 1996 praecipue
592 1927 890 1979 recordatio
916 1926 1199 1979 vulnerum
1235 1943 1330 1993 per
1366 1924 1484 1977 loca
1510 1923 1748 1992 corporis
1777 1941 1877 1991 pu·

271 1998 528 2050 dibunda:
588 1997 731 2066 quod
777 1997 1079 2065 exemplum
1134 1995 1423 2064 pessimum
1468 2012 1563 2062 per
1620 1993 1873 2046 mortales

270 2071 386 2120 tum
422 2068 655 2135 primum
690 2067 963 2135 proditum
1000 2070 1080 2119 est
1126 2083 1419 2134 numquam
1457 2067 1614 2117 antea
1650 2082 1681 2116 a
1717 2063 1877 2116 Grae·
1927 2067 1937 2073 ”

272 2138 347 2190 cis
385 2138 616 2190 solitum.
680 2138 846 2206 igitur
883 2155 1035 2206 reges
1059 2136 1241 2188 multis
1266 2135 1512 2204 precibus
1543 2138 1702 2202 atque
1729 2133 1877 2186 omni

273 2207 656 2260 consolationis
702 2207 862 2260 modo
910 2207 1126 2259 tandem
1168 2205 1434 2258 Achillem
1478 2205 1675 2257 flexum
1710 2203 1875 2255 humo

207 2295 250 2326 30
273 2278 504 2348 erigunt.
569 2277 692 2329 dein
716 2277 954 2329 Patrocli
993 2294 1184 2344 corpus
1221 2276 1424 2328 elutum
1449 2293 1574 2328 mox
1610 2276 1756 2327 veste
1780 2273 1877 2326 cir-

273 2349 597 2417 cumtegitur
633 2347 861 2400 maxime
888 2347 955 2399 ob
993 2346 1224 2415 tegenda
1250 2346 1486 2414 vulnera,
1526 2362 1661 2413 quae
1695 2342 1875 2395 multi-

271 2419 443 2471 modis
500 2419 758 2486 impressa
814 2416 958 2469 haud
1013 2417 1126 2468 sine
1181 2433 1378 2485 magno
1437 2415 1642 2485 gemitu
1700 2430 1879 2466 cerne-

275 2490 485 2541 bantur.

415 2558 536 2610 XII.
610 2557 709 2610 His
767 2557 898 2610 actis
955 2559 1163 2622 monet,
1230 2555 1310 2607 uti
1367 2550 1625 2607 custodes*
1666 2552 1719 2605 vi
1764 2552 1878 2604 'lias

210 2644 252 2676 35
274 2645 432 2698 agere
480 2631 749 2696 curarent,
787 2646 854 2679 ne
896 2645 1001 2695 qua
1047 2625 1228 2677 hostes
1266 2624 1492 2677 detentis
1531 2624 1670 2676 circa
1742 2639 1878 2674 unus

390 2844 409 2881 1
444 2840 778 2881 hechinadibus
813 2839 891 2881 GB
1006 2839 1032 2879 5
1065 2839 1313 2891 promptior
1348 2837 1384 2875 P
1413 2833 1420 2888 Ι
1457 2835 1635 2876 euforbi
1677 2834 1712 2875 G
1827 2834 1878 2874 13

278 2909 447 2938 summo
484 2911 560 2938 om.
596 2896 673 2937 ΕΒ
702 2896 825 2937 habet
857 2896 898 2935 P
1008 2896 1063 2936 20
1093 2894 1288 2946 suplicio
1322 2892 1370 2934 G.
