1956 3178
59 0 169 32 ..w-z·
188 0 202 14 ··
244 15 247 24 ν

552 126 739 169 BELLI
768 124 1023 168 TROIANI
1051 125 1169 170 LlB.
1200 125 1238 170 Ι.
1652 123 1714 174 17

97 271 313 307 0111116111
360 252 577 305 domum
624 269 774 304 suam
820 250 1300 303 commendaverat.
1386 266 1521 318 quae
1572 252 1717 317 post-

97 342 259 393 quam
307 327 360 376 et
408 322 583 375 Ulixis
639 321 923 375 consilium
968 322 1296 389 patefactum
1343 330 1453 387 est,
1506 319 1717 372 omissis

99 395 348 448 omnibus
373 410 599 462 propere
626 391 692 444 ad
728 392 909 444 lucum
934 392 1127 461 pergit,
1153 408 1351 461 magna
1379 408 1510 443 voce
1536 389 1717 442 Mene-

98 465 243 518 laum
282 468 336 517 et
372 464 464 532 qui
501 481 623 516 cum
659 480 722 515 eo
762 466 939 531 erant,
979 462 1303 530 1116161116113,
1345 462 1411 514 ab
1450 461 1718 530 inquietu-

99 535 222 588 dine
255 534 568 605 Iphigeniae
616 532 929 586 cohiberent
975 550 1104 600 sese,
1144 533 1500 586 comminatus
1536 532 1716 602 perni-
1738 547 1759 580 5

100 607 259 674 ciem,
305 605 364 657 ni
401 604 734 673 paruissent:
773 621 898 656 mox
935 604 1180 656 attonitis
1218 602 1302 674 his
1340 606 1500 672 atque
1539 603 1719 655 obstu-

99 676 324 746 pefactis
370 675 483 743 ipse
530 675 839 743 supervenit
894 674 1292 742 reformatoque
1340 675 1448 726 iam
1496 674 1579 726 die
1618 674 1721 725 vir-

101 747 283 818 ginem
309 746 587 799 abstrahit.
638 746 856 798 interim
877 745 1296 797 deliberantibus
1318 744 1542 812 cunctiS‚
1570 743 1720 812 quid-

99 835 226 870 nam
263 817 349 869 vel
395 816 488 868 ubi
536 819 698 883 esset,
740 815 884 885 quod
920 815 1189 868 immolari
1227 815 1525 883 iuberetur,
1565 832 1721 867 cerva

99 889 274 941 forma
310 887 548 956 corporis
574 886 885 939 admiranda
910 889 1034 939 ante
1072 886 1245 955 ipsam
1270 904 1417 938 aram
1453 886 1721 954 intrepida
1745 903 1786 934 10

100 958 371 1012 consistit:
420 975 537 1010 eam
583 958 910 1026 praedictam
957 957 1190 1010 hostiam
1237 956 1342 1009 rati
1380 956 1721 1025 oblatamque

102 1029 358 1082 divinitus
425 1027 859 1096 conprehendere
912 1046 1143 1096 moxque
1201 1027 1497 1080 immolant.
1602 1028 1721 1096 quis

102 1099 332 1169 peractis
370 1099 551 1152 sedata
592 1099 706 1151 lues
743 1099 1018 1167 instarque
1057 1098 1245 1151 aestivi
1287 1098 1544 1166 temporis
1581 1115 1724 1150 mare

103 1173 396 1223 reseratum
434 1173 528 1222 est.
604 1172 839 1222 ceterum
876 1169 1143 1239 virginem
1168 1168 1410 1221 Achilles
1448 1173 1609 1237 atque
1647 1169 1720 1236 hi,

107 1241 201 1310 qui
239 1240 496 1293 sacrificio
524 1239 817 1308 praefuere,
857 1240 994 1292 clam
1020 1257 1204 1292 omnes
1242 1239 1357 1309 regi
1383 1238 1720 1308 Scytharum,
1746 1255 1787 1287 15

103 1312 197 1380 qui
235 1328 298 1364 eo
335 1314 577 1378 tempore
615 1310 812 1378 aderat,
851 1310 1306 1362 commendavere.

244 1380 445 1434 XXIII.
519 1382 596 1433 At
631 1381 724 1433 ubi
762 1381 920 1433 duces
967 1380 1205 1432 sedatam
1243 1380 1352 1432 vim
1389 1380 1518 1432 mali
1557 1381 1723 1432 anim-

102 1451 391 1504 advertunt
440 1454 829 1520 ventorumque
877 1451 1034 1503 flatus
1091 1451 1384 1521 navigandi
1438 1469 1723 1519 prosperos

103 1526 263 1591 atque
311 1521 569 1575 aestivam
616 1523 779 1574 maris
825 1522 1043 1589 faciem,
1092 1540 1277 1574 omnes
1326 1522 1456 1574 laeti
1493 1524 1723 1592 Agame-

103 1611 358 1645 mnonem
396 1592 617 1659 adeunt,
659 1610 886 1661 eumque
925 1592 1147 1644 interitu
1184 1592 1324 1644 filiae
1362 1596 1723 1661 permaestum
1746 1609 1787 1641 20

105 1663 367 1716 consolati
427 1662 689 1716 honorem
736 1663 890 1733 regni
926 1681 1108 1715 rursus
1135 1663 1525 1715 concelebrant.
1589 1682 1724 1732 quae

106 1752 190 1787 res
227 1736 480 1803 pergrata
517 1735 677 1801 atque
716 1736 933 1802 accepta
971 1751 1067 1802 per
1104 1734 1395 1786 exercitum
1431 1733 1562 1786 fuit:
1603 1752 1724 1786 eum

109 1804 308 1873 quippe
356 1804 620 1873 optimum
666 1805 1028 1857 consultorem
1074 1805 1156 1856 sui
1193 1822 1306 1856 non
1349 1821 1499 1857 secus
1510 1847 1525 1873 ,
1565 1823 1726 1874 quam

107 1878 386 1944 parentem
431 1874 584 1926 miles
634 1876 808 1927 omnis
845 1875 1167 1943 percolebat.
1230 1874 1323 1927 sed
1348 1877 1726 1946 Agamemnon

106 1945 218 1998 sive
266 1963 475 2013 eorum,
526 1963 662 2013 quae
698 1948 1121 2014 praecesserant,
1165 1946 1294 1997 satis
1332 1945 1591 2015 prudenS,
1633 1964 1725 1998 seu
1748 1961 1790 1994 25

105 2015 461 2068 humanarum
506 2033 685 2068 rerum
731 2016 1104 2068 necessitatem
1155 2016 1330 2068 animo
1379 2019 1634 2084 reputans
1672 2022 1727 2069 et

107 2086 175 2139 ob
222 2086 278 2138 id
322 2086 573 2138 adversus
621 2086 923 2139 infortunia
980 2086 1343 2154 firmissimuS‚
1393 2086 1725 2139 dissimulato

107 2156 252 2278 guod
298 2157 347 2209 ei
394 2156 683 2224 acciderat,
733 2157 998 2209 honorem
1045 2157 1268 2226 suscipit
1323 2160 1482 2226 atque
1530 2176 1592 2210 eo
1641 2157 1725 2210 die

144 2243 269 2279 uces
308 2244 493 2279 omnes
519 2226 586 2278 ad
623 2244 678 2279 36
711 2227 769 2279 111
809 2227 1116 2280 convivium
1143 2227 1369 2280 deducit.
1434 2227 1558 2280 dein
1584 2228 1727 2281 haud

108 2296 291 2349 multis
337 2299 462 2365 post
518 2296 702 2350 diebus
760 2298 1022 2351 exercitus
1077 2298 1352 2351 ordinatus
1407 2317 1504 2367 per
1551 2299 1725 2367 duceS‚
1749 2315 1792 2348 30

107 2384 230 2420 cum
277 2370 642 2435 opportunum
688 2368 795 2420 iam
840 2372 1052 2438 tempus
1097 2368 1390 2439 navigandi
1437 2370 1726 2438 ingrueret,

110 2438 351 2490 ascendit
396 2455 560 2489 naves
608 2438 837 2506 repletas
884 2439 1068 2492 multis
1115 2442 1272 2492 rebus
1311 2440 1725 2508 pretiosissimiS‚

110 2525 246 2576 quae
283 2508 350 2560 ab
387 2507 580 2560 incolis
617 2509 853 2579 regionis
891 2510 1004 2562 eius
1043 2510 1418 2563 offerebantur.
1492 2514 1727 2563 ceterum

107 2577 402 2647 frumenta,
450 2579 640 2630 vinum
687 2579 898 2648 aliaque
955 2581 1059 2634 cibi
1107 2580 1408 2633 necessaria
1455 2581 1627 2634 Anius
1676 2585 1729 2634 et

224 2806 250 2847 5
280 2806 523 2859 pernitiem
555 2807 590 2848 G
679 2808 731 2848 13
752 2821 875 2849 mare
906 2821 929 2848 e
960 2809 1212 2860 conjectura
1242 2809 1404 2856 addidi,
1436 2811 1555 2862 vulgo
1577 2816 1729 2851 contra

109 2861 242 2903 libros
279 2863 431 2914 leyitur
469 2866 722 2903 reseratum
769 2868 840 2904 est
879 2864 1069 2906 eoelum.
1196 2866 1247 2906 19
1287 2866 1484 2906 estiuam
1518 2867 1552 2907 G
1674 2869 1728 2907 22

111 2929 274 2970 pergra
307 2916 358 2958 G¹
475 2920 531 2960 25
557 2920 662 2971 fort.
693 2932 785 2960 non
817 2922 933 2961 satis
1050 2922 1102 2961 31
1136 2934 1241 2962 nam
1275 2921 1324 2967 G.

197 2993 350 3027 mene.
1448 3001 1471 3040 -2
