1956 3178
203 145 273 200 58

202 266 420 323 planctus
452 267 678 313 femineus
710 273 788 324 29,
817 273 871 313 10

202 325 426 384 plangere
459 332 537 381 25,
563 332 589 372 8

198 384 359 499 plilgs,
371 387 564 487 Ιτὸηίῐίτεε
600 383 804 443 yoeqarii
842 391 1001 443 28,12

199 502 265 546 ad
296 502 562 559 pollicitum
594 505 766 550 reverti
797 510 844 562 2,
872 511 925 551 17

198 562 440 618 postulare
472 562 635 608 Graios
670 570 716 621 7,
742 570 768 608 3
840 565 900 610 ab
930 564 1001 609 his

202 626 453 736 111ἔ6111οῗ116
492 682 821 739 imperatorem
861 689 943 740 31,
977 691 1002 730 6

201 739 440 795 11136601116
470 741 735 787 futurorum
770 749 928 798 15,18

203 800 493 854 praesentari
525 805 684 856 51,12

201 857 436 916 praesidia
473 859 647 906 habere
679 865 756 918 49,
783 868 808 905 3
862 862 1002 919 fugae

197 925 424 1036 1111430611)ιὲ
451 980 518 1024 161
557 986 686 1036 8,15
724 987 773 1037 9,
798 988 824 1027 2
879 983 1003 1040 prin-

265 1037 392 1095 cipes
425 1039 687 1085 defensores
719 1046 798 1096 45,
824 1047 850 1086 3

196 1096 518 1163 *principatum
537 1098 708 1144 habere
726 1114 863 1157 super
886 1106 957 1157 42,
978 1107 1002 1145 7

202 1155 380 1258 1111202166
405 1155 569 1201 Graeci
591 1158 707 1203 laesi
733 1159 930 1205 fuissent
962 1166 1002 1218 7,

200 1287 287 1329 pro
320 1275 476 1319 aetate
508 1276 668 1320 valens
703 1283 779 1333 15,
806 1284 830 1323 7

200 1333 406 1389 proferre
453 1348 583 1379 arma
630 1341 710 1392 29,
746 1343 770 1382 7
843 1338 1002 1383 lumen

203 1452 476 1510 progenitus
508 1468 536 1498 a
567 1460 644 1512 21,
671 1462 697 1502 6

201 1511 449 1567 prohibere
481 1527 509 1557 a
539 1516 667 1560 terra
696 1521 746 1572 4,
775 1521 829 1560 14

201 1571 410 1627 proicere
434 1573 543 1618 feris
568 1576 616 1618 et
639 1575 906 1620 volucribus
931 1581 1002 1632 41,

266 1636 319 1674 17
350 1632 557 1687 proiecto
575 1634 635 1678 ad
658 1648 812 1691 genua
834 1635 1002 1693 Astya-

262 1693 400 1735 nacte
432 1696 509 1746 29,
538 1698 590 1736 13
692 1728 694 1730 v

202 1749 372 1807 prolixi
402 1749 539 1807 digiti
574 1757 654 1807 16,
679 1758 706 1796 3

201 1822 452 1866 pronomen
482 1812 786 1865 possessivum
815 1825 907 1867 pro
936 1826 1003 1856 re-

263 1869 426 1923 fleoeivo
457 1874 506 1924 4,
531 1874 557 1913 2
591 1875 637 1924 6,
664 1875 719 1914 21

203 1928 397 1984 propter
420 1904 726 1984 postpositum
755 1934 835 1983 48,
862 1935 886 1974 7

200 1986 424 2043 prosequi
484 1987 766 2033 desiderium
820 1994 900 2045 30,
947 1993 1002 2032 22

264 2044 470 2113 aliquem
500 2046 686 2091 ululatu
717 2053 796 2103 43,
822 2053 849 2092 8

202 2103 419 2159 prosilire
449 2104 500 2148 in
529 2119 738 2163 pugnam
770 2083 848 2162 29,
875 2112 932 2152 20

205 2163 451 2220 protegere
492 2163 643 2219 clipeo
675 2170 752 2220 21,
778 2171 806 2209 4
845 2170 1006 2221 26,14

203 2221 487 2277 protendens
528 2222 678 2266 filium
717 2225 826 2268 ante
864 2224 1006 2281 pedes

265 2279 478 2326 Hectoris
511 2287 589 2337 29,
615 2288 640 2326 9

206 2352 459 2395 provocare
492 2341 552 2385 ad
582 2341 814 2397 proelium
843 2346 921 2398 43,
951 2347 1006 2386 14

207 2457 460 2513 pugnando
493 2459 721 2503 occiditur
751 2465 828 2516 32,
854 2465 880 2504 2

207 2515 431 2571 pusillum
462 2531 512 2561 os
548 2523 706 2573 14,17

206 2573 474 2626 Quadratus
527 2576 665 2621 homo
715 2582 791 2634 15,
834 2582 886 2621 11
938 2582 1006 2632 16,

208 2690 320 2746 quia
359 2693 453 2736 loco
495 2695 747 2739 accusativi
791 2708 893 2739 cum
938 2696 1007 2741 isn-

267 2750 469 2803 fim'tivo:
501 2753 682 2797 audivit
709 2755 822 2810 quia
851 2754 1007 2800 hostes

268 2809 423 2863 parati
455 2813 563 2855 sunt
597 2817 754 2868 19,16

207 2866 324 2922 quid
361 2870 560 2926 venerit,
601 2884 684 2915 cur
721 2878 769 2928 4,
804 2877 861 2916 24
901 2876 947 2927 7,
981 2877 1006 2918 2

706 150 901 196 INDEX
931 150 1336 198 LATINITATIS.

1047 270 1172 326 quod
1210 272 1306 316 loeo
1342 275 1595 319 accusativi
1634 286 1736 320 cum
1771 276 1843 322 in-

1104 331 1308 384 finitivo:
1353 334 1617 389 suspectum
1657 334 1846 380 videtur

1107 389 1231 444 quod
1277 392 1378 434 tam
1422 391 1615 449 longum
1661 395 1845 451 tempus

1105 449 1423 504 postulassent
1475 456 1552 506 27,
1593 457 1649 497 25
1719 453 1846 508 quod

1107 521 1212 551 cum
1238 513 1313 565 12,
1339 514 1395 553 25
1428 514 1506 566 21,
1534 516 1586 554 11
1624 510 1846 568 quodubi

1108 571 1157 620 5,
1181 572 1207 611 8
1235 573 1289 611 13
1302 544 1400 623 ’12,
1428 545 1506 613 13’

1049 625 1282 671 Recedere
1315 641 1343 671 a
1371 629 1498 672 terra
1528 633 1577 685 4,
1603 634 1630 674 6

1048 685 1097 728 in
1127 685 1304 730 recenti
1337 691 1410 742 14,
1440 693 1462 731 1

1048 743 1254 800 160111616
1279 759 1434 790 66011111
1461 746 1667 804 aliquem
1691 753 1769 804 20,
1789 752 1843 793 12

1047 806 1178 848 recta
1208 817 1343 848 crura
1376 811 1450 860 16,
1477 811 1503 850 3

1047 863 1340 919 recuperatio
1371 864 1577 909 Helenae
1612 871 1687 921 13,
1716 871 1768 910 11

1047 921 1257 980 redigere
1295 923 1550 968 exercitum
1595 924 1646 968 in
1682 925 1844 970 urbem

1109 987 1185 1039 24,
1215 989 1270 1028 14

1047 1041 1218 1087 referre
1250 1042 1402 1087 visum
1434 1049 1511 1100 29,
1536 1049 1562 1089 2

1047 1100 1298 1146 reformare
1332 1108 1378 1158 1,
1404 1108 1430 1147 6

1047 1173 1147 1204 rem
1170 1160 1379 1205 divinam
1401 1162 1554 1207 facere
1585 1168 1658 1220 12,
1687 1168 1740 1208 12
1775 1169 1842 1222 19,

1108 1224 1161 1263 21
1196 1225 1273 1276 46,
1300 1225 1357 1264 20

1046 1281 1369 1324 remanserunt
1389 1281 1692 1337 tempestates
1716 1286 1771 1326 51
1784 1317 1796 1338 ,
1815 1286 1846 1326 4

1047 1350 1270 1382 renovare
1301 1339 1487 1383 moenia
1518 1345 1595 1394 28,
1621 1345 1647 1384 3

1047 1398 1258 1453 repetere
1288 1398 1520 1454 proelium
1551 1403 1627 1454 25,
1653 1403 1709 1443 23

1047 1456 1278 1512 reportari
1301 1456 1504 1514 domum,
1527 1458 1674 1502 redire
1698 1462 1770 1514 51,
1787 1462 1844 1502 20

1047 1528 1262 1567 16661316
1283 1517 1471 1572 portam
1501 1521 1580 1572 49,
1605 1521 1634 1560 4
1660 1521 1714 1560 13

1047 1587 1288 1629 revocare,
1337 1577 1528 1620 retinere
1577 1580 1657 1631 29,
1696 1580 1751 1620 10
1789 1579 1846 1620 14

1107 1648 1315 1692 pugnam
1347 1639 1425 1690 26,
1451 1640 1508 1679 23

1048 1708 1201 1752 ruere,
1231 1695 1348 1739 mori
1379 1699 1456 1748 52,
1483 1699 1510 1738 6
1533 1699 1559 1738 9

1047 1755 1178 1800 rufus
1212 1758 1289 1810 15,
1316 1759 1369 1798 11
1399 1758 1453 1798 18
1488 1759 1559 1808 16,
1590 1757 1616 1797 8

1047 1828 1206 1859 rumor
1226 1813 1372 1857 currit
1392 1825 1476 1869 per
1492 1809 1735 1857 Graeciam
1757 1815 1799 1867 3,
1817 1815 1844 1854 3

1049 1872 1267 1917 Saevitur
1297 1871 1467 1916 acriter
1497 1876 1575 1926 38,
1599 1875 1626 1914 8

1049 1931 1228 1976 sancire
1257 1930 1421 1975 foedus
1451 1929 1550 1974 iure
1581 1934 1660 1981 33,
1685 1933 1741 1972 22
1809 1985 1818 1994 ο

1051 1990 1166 2036 satis
1220 1989 1309 2034 sibi
1361 2002 1462 2033 esse
1515 1993 1593 2044 31,
1634 1992 1660 2031 9
1730 1988 1845 2030 satis

1111 2047 1325 2093 Troianis
1348 2047 1501 2093 facere
1528 2052 1607 2100 10,
1632 2051 1659 2090 5
1694 2050 1763 2099 11,
1791 2049 1845 2087 14

1110 2114 1189 2163 22,
1222 2112 1248 2151 3
1304 2105 1465 2150 inferis
1511 2105 1624 2150 satis
1668 2103 1845 2148 factum

1109 2181 1203 2211 non
1233 2179 1333 2210 esse
1365 2170 1442 2220 51,
1469 2169 1494 2208 5

1051 2225 1260 2270 sauciare
1278 2223 1482 2279 aliquem
1497 2222 1687 2268 vulnere
1705 2225 1775 2275 39,
1789 2225 1844 2264 21

1051 2284 1303 2330 secundum
1333 2282 1575 2327 Boeotiam
1603 2280 1695 2325 iter
1738 2278 1848 2324 fecit

1051 2401 1350 2459 sepulchrum
1375 2400 1528 2444 facere
1544 2397 1686 2442 alicui
1701 2401 1772 2452 41,
1789 2400 1846 2441 20

1050 2461 1102 2504 in
1133 2460 1356 2504 servitute
1387 2458 1559 2503 habere
1592 2461 1721 2513 7,10

1052 2520 1112 2575 61,
1157 2533 1291 2563 num.-
1335 2518 1494 2574 rogat,
1543 2515 1583 2560 si
1621 2515 1698 2558 cui
1734 2513 1848 2570 quid

1110 2577 1298 2634 placeat
1349 2581 1424 2631 19,
1468 2580 1520 2618 11
1590 2572 1760 2628 mittit,
1809 2571 1849 2615 si

1111 2636 1228 2680 velit
1272 2633 1499 2678 Helenam
1537 2631 1730 2676 reddere
1775 2635 1848 2686 20,

1113 2700 1169 2739 23

1053 2753 1239 2810 signum
1270 2749 1527 2807 eruptionis
1557 2753 1637 2805 49,
1669 2753 1696 2793 5

1054 2812 1212 2866 simul,
1245 2810 1437 2854 simulac
1467 2813 1546 2863 41,
1571 2814 1597 2852 9

1055 2870 1232 2916 solvere
1270 2869 1467 2913 classem
1509 2872 1586 2921 13,
1614 2870 1640 2908 2
1685 2870 1766 2919 20,
1794 2868 1847 2908 12

1116 2934 1170 2973 16
1216 2940 1384 2972 navem
1418 2930 1493 2981 14,
1519 2930 1544 2969 3
1579 2929 1654 2979 24,
1681 2928 1706 2966 7

1724 1748 1752 1761 d
