1956 3178
83 0 102 11 -
112 0 121 13 τ’
131 0 145 2 ”“
190 4 200 10 --
211 0 222 14 “.
239 3 242 7 ·

66 31 70 34 ⁴
86 21 111 35 ‘⁴⁴'
223 18 225 21 ι
246 29 252 36 ο

18 0 35 82 Ι.
43 55 74 81 ,τῖ-

15 87 33 138 i

516 141 703 185 annm
733 139 987 183 'monim
1016 139 1135 182 Lm.
1168 135 1202 183 Ι.
1271 117 1274 122 ’
1644 137 1673 188 7

63 270 211 325 bens,
275 269 424 323 cuius
462 267 696 321 adventu
731 268 848 319 tota
886 265 1072 318 civitas
1112 282 1234 317 cum
1270 263 1468 333 partim
1506 280 1678 317 exem-

106 341 216 394 lum
250 340 510 393 facinoris
548 338 972 403 exsecrarentur,
1011 335 1104 388 alii
1140 334 1366 387 iniurias
1403 334 1462 387 in
1498 334 1679 387 Mene-

87 429 210 464 aum
248 408 502 464 admissas
540 400 804 475 dolerent,
854 406 1006 459 nullo
1052 405 1294 459 omnium
1331 404 1678 474 adprobante,

64 485 332 551 postremo
381 478 585 534 cunctis
632 476 1038 546 indignantibus
1086 476 1349 528 tumultus
1397 478 1544 529 ortus
1583 480 1678 529 est.

65 553 184 621 quis
230 552 387 604 rebus
435 549 624 603 anxius
671 547 914 600 Priamus
969 547 1109 599 filios
1159 549 1420 599 convocat
1466 564 1678 616 eosque,
1703 562 1723 593 5

66 622 194 691 quid
230 638 389 690 super
423 620 520 673 tali
558 619 825 689 agendum
858 635 926 670 ne
968 617 1078 670 otio
1106 617 1390 685 videretur,
1431 617 1680 686 consulit,

66 693 159 762 qui
184 709 293 745 una
311 709 442 744 voce
469 690 689 742 minime
715 688 916 742 redden
954 706 1039 741 am
1059 687 1323 740 Helenam
1337 688 1679 756 respondent.

65 762 320 816 videbant
356 762 580 831 quippe,
620 763 852 829 quantae
891 776 1019 827 opes
1057 776 1179 811 cum
1217 775 1279 810 ea
1316 758 1567 811 advectae
1606 776 1682 811 es-

18 839 22 842 ’
65 836 208 887 sent:
248 850 383 901 quae
420 849 685 900 umversa,
724 830 769 883 si
794 829 1004 883 Helena
1038 828 1354 897 traderetur,
1380 830 1679 882 necessario

61 903 387 957 mitterent.
479 905 691 971 praeter
746 918 808 954 ea
862 900 1095 969 permoti
1149 899 1326 953 forma
1379 900 1680 968 mulierum,
1707 918 1746 950 10

65 987 200 1044 quae
240 991 360 1026 cum
396 972 604 1026 Helena
641 974 913 1040 venerant,
951 970 1167 1039 nuptias
1207 970 1309 1023 sibi
1347 971 1682 1041 singularum

65 1045 173 1098 iam
209 1044 388 1098 animo
436 1043 860 1096 destinaverant:
912 1042 1110 1111 quippe
1158 1042 1250 1110 qui
1298 1041 1487 1111 lingua
1523 1041 1682 1094 mori-

65 1115 271 1184 busque
319 1113 558 1182 barbari‚
606 1113 745 1166 nihil
795 1113 948 1181 pensi
995 1115 1088 1165 aut
1131 1111 1364 1164 consulti
1400 1112 1681 1181 patienteS,

67 1184 264 1255 praeda
300 1189 459 1254 atque
495 1183 718 1236 libidine
756 1183 1047 1236 transversi
1084 1183 1398 1252 agebantur.

209 1255 359 1308 VIII.
435 1254 609 1324 Igitur
645 1254 890 1306 Priamus
937 1253 1136 1306 relictis
1174 1253 1258 1305 his
1295 1269 1448 1305 senes
1487 1252 1680 1306 condu-
1710 1269 1749 1301 15

69 1327 166 1395 cit,
204 1325 526 1379 sententiam
562 1320 796 1377 filiorum
842 1324 1040 1393 aperit,
1089 1323 1214 1376 dein
1261 1326 1508 1392 cunctos,
1558 1324 1686 1392 quid

67 1396 336 1467 agendum
383 1398 547 1463 esset,
599 1395 848 1448 consulit.
925 1394 1017 1448 sed
1063 1394 1377 1463 priusquam
1426 1411 1490 1446 ex
1538 1412 1686 1447 more

68 1466 364 1520 sententiae
413 1466 742 1533 dicerentur,
790 1465 965 1535 reguli
1011 1467 1231 1533 repente
1281 1464 1570 1517 concilium
1607 1465 1687 1517 in-

67 1539 328 1605 rumpunt
374 1540 534 1604 atque
585 1535 875 1588 inconditis
922 1535 1162 1587 moribus
1209 1535 1410 1587 malum
1459 1535 1686 1604 singulis

68 1607 405 1674 minitantur,
444 1606 490 1658 si
527 1607 696 1674 aliter,
747 1620 907 1674 quam
944 1605 1074 1674 ipsis
1112 1604 1395 1669 videretur,
1442 1605 1687 1658 decerne·
1710 1622 1750 1654 20

69 1680 206 1731 rent.
281 1676 498 1729 interim
524 1677 698 1729 omnis
734 1676 966 1745 populus
992 1675 1214 1745 indigne
1239 1675 1525 1728 admissam
1550 1676 1687 1728 iniu-

70 1748 205 1800 riam
242 1750 402 1816 atque
448 1747 507 1799 in
553 1747 697 1800 hunc
745 1745 963 1800 modum
1009 1746 1180 1799 multa
1227 1745 1333 1798 alia
1381 1763 1503 1798 cum
1541 1764 1687 1799 exse-

72 1821 311 1872 cratione
349 1817 728 1870 reclamabant.
806 1818 874 1870 ob
921 1833 1057 1884 quae
1094 1815 1401 1869 Alexander
1438 1817 1688 1886 cupidine

69 1888 236 1942 animi
272 1905 525 1957 praeceps
573 1888 796 1956 verituS,
844 1905 913 1940 ne
951 1885 1080 1956 quid
1116 1885 1397 1940 adversum
1435 1904 1490 1939 se
1528 1905 1560 1940 a
1595 1905 1689 1956 po-

70 1958 346 2028 pularibus
373 1958 616 2027 oriretur,
653 1959 879 2027 stipatus
904 1957 1122 2010 armatis
1147 1956 1403 2009 fratribus
1428 1957 1689 2025 impetum
1711 1973 1754 2006 25

73 2030 133 2082 in
168 2028 568 2082 multitudinem
603 2028 752 2097 facit,
791 2028 990 2081 multos
1030 2029 1339 2080 obtruncat:
1378 2027 1573 2096 reliqui
1610 2028 1689 2080 in-

69 2102 320 2152 terventu
366 2117 676 2168 procerum,
733 2100 826 2166 qui
880 2099 938 2150 in
997 2097 1221 2150 consilio
1269 2097 1508 2166 fuerant,
1558 2098 1689 2151 duce

75 2170 372 2223 liberantur
398 2171 690 2222 Antenore.
754 2170 831 2221 ita
867 2168 1081 2221 infectis
1117 2168 1276 2221 rebus
1302 2169 1535 2237 populus
1565 2186 1690 2221 con-

72 2239 303 2308 temptui
326 2239 542 2292 habitus
560 2257 673 2293 non
694 2239 807 2292 sine
827 2238 1063 2307 pernicie
1090 2256 1185 2292 sua
1204 2238 1422 2291 domum
1449 2238 1686 2292 discedit.

214 2308 309 2362 IX.
371 2309 514 2362 Dein
561 2313 741 2363 secuta
787 2310 870 2362 die
917 2327 1010 2362 rex
1057 2310 1276 2363 hortatu
1323 2306 1575 2362 Hecubae
1623 2308 1689 2361 ad
1711 2325 1755 2357 30

73 2379 338 2433 Helenam
377 2379 488 2432 adit
524 2397 745 2449 eamque
781 2380 1014 2450 benigne
1053 2380 1291 2433 salutans
1329 2379 1532 2432 bonum
1578 2380 1690 2432 ani-

42 2462 224 2513 ‚mum
261 2450 344 2503 uti
389 2454 601 2519 gereret
646 2451 915 2504 hortatur:
955 2469 1090 2520 quae
1125 2451 1383 2519 cuiusque
1421 2453 1573 2518 esset,
1612 2467 1691 2502 re-

77 2520 256 2589 quirit.
330 2523 461 2574 tunc
506 2521 600 2573 illa
654 2522 948 2574 Alexandri
1005 2539 1059 2573 se
1108 2521 1340 2573 adfinem
1396 2537 1480 2572 res
1521 2519 1688 2587 ondit,

77 2590 355 2671 magisque
381 2590 449 2643 ad
472 2590 747 2644 Priamum
774 2595 827 2644 et
850 2591 1143 2659 Hecubam,
1184 2608 1343 2659 quam
1369 2591 1436 2643 ad
1506 2590 1690 2643 listhe-

77 2677 162 2712 ms
186 2660 328 2713 filios
353 2677 547 2730 genere
583 2662 868 2731 pertinere,
906 2664 1153 2731 repetens
1192 2660 1434 2714 ordinem
1472 2679 1687 2714 omnem
1710 2675 1752 2708 35

192 2774 257 2815 IX
289 2773 447 2820 Malal.
482 2777 576 2818 120.
611 2778 689 2817 121
723 2775 917 2817 Cedren.
952 2776 988 2817 P
1022 2777 1102 2816 124

194 2873 246 2912 16
279 2873 462 2926 appetit
495 2873 531 2914 G
597 2876 648 2916 19
670 2876 921 2916 Perizonius
949 2876 1130 2916 coniecit
1151 2872 1444 2925 clamoribus,
1467 2875 1534 2915 Jo.
1557 2873 1688 2927 Gasp.

82 2925 263 2970 Orellius
290 2929 506 2979 uocibus,
548 2930 849 2971 max-muribus
880 2932 1055 2983 Peiper.
