1956 3178
17 0 142 146 3?

37 248 40 249 ν
94 213 231 273 riam
255 211 551 267 festinaret.
608 211 827 264 interim
848 210 1118 263 vulnerati
1144 209 1380 280 graviter
1404 225 1469 261 ex
1490 207 1713 261 ducibus

0 301 18 354 τῃ
93 283 237 338 bello
276 283 526 336 decedere
573 281 744 335 coacti
791 283 920 337 sunt
955 280 1307 333 barbarorum
1343 280 1556 333 Aeneas
1594 276 1713 332 Sar·

0 351 14 424 j·
95 353 274 422 pedon
322 353 556 406 Glaucus
598 351 836 405 Helenus
883 350 1211 419 Euphorbus
1245 349 1580 420 Polydamas,
1618 367 1713 402 no-

93 428 326 479 strorum
365 422 552 477 Ulixes
590 421 860 476 Meriones
906 421 1179 475 Eumelus

6 494 10 519 ⁵
233 493 484 554 XXXIX.
556 491 807 547 Ceterum
852 491 1129 545 Menelaus
1185 491 1325 545 forte
1374 491 1713 560 conspicatus
1736 506 1756 539 5

93 564 460 619 Alexandrum
484 581 682 634 magno
721 563 926 632 impetu
963 562 1154 615 inruit:
1195 580 1354 631 quem
1380 562 1588 615 evitans
1622 579 1714 615 ne-

94 654 197 705 que
234 635 433 688 diutius
471 635 734 693 sustinere
783 652 943 686 ausus
979 633 1286 686 Alexander
1328 633 1516 702 fugam
1553 633 1711 702 capit.

92 710 150 760 at
185 706 279 759 ubi
315 705 506 775 procul
552 704 932 761 animadvertit
978 703 1182 757 Hector
1228 721 1552 756 concurrens
1591 720 1715 756 cum

92 776 380 846 Deiphobo
417 775 850 845 conprehendere
887 775 1135 828 fratrem:
1175 792 1298 828 eum
1335 774 1512 827 verbis
1549 774 1713 826 male-

93 847 354 916 dictisque
401 847 696 900 acrioribus
744 846 974 899 insecuti
1012 845 1078 901 ad
1122 848 1455 914 postremum
1493 862 1555 897 co
1597 847 1712 912 unt,
1738 860 1779 892 ιο

93 918 175 971 uti
227 934 544 987 progressus
590 917 648 970 in
694 916 895 970 medias
942 916 1080 971 acies
1130 915 1358 969 eundem
1406 915 1566 968 Mene
1589 933 1714 968 aum

92 988 593 1059 conquiescentibus
638 988 860 1056 reliquis
915 987 1157 1040 solitario
1215 987 1507 1041 certamine
1552 986 1715 1039 laces-

95 1062 249 1121 seret.
324 1060 492 1129 igitur
527 1058 746 1112 reducto
785 1058 852 1111 ad
888 1057 1198 1111 bellandum
1240 1057 1550 1110 Alexandro
1588 1074 1714 1125 pro-

93 1147 384 1200 gressoque
445 1133 569 1182 ante
628 1134 819 1197 aciem,
877 1128 1021 1197 quod
1068 1129 1278 1198 signum
1329 1128 1714 1182 lacessentibus

92 1200 387 1269 videbatur,
424 1203 711 1269 postquam
760 1199 947 1268 procul
971 1198 1372 1252 ‘animadvertit
1418 1197 1713 1264 Menelaus,
1738 1212 1778 1246 15

92 1289 239 1324 nunc
287 1270 501 1325 demum
547 1271 883 1324 occasionem
939 1269 1229 1326 invadendi
1283 1269 1714 1322 inimicissimum

94 1341 198 1394 sibi
231 1342 458 1394 maxime
493 1341 728 1394 oblatam
764 1344 912 1394 ratus
959 1343 1013 1393 et
1054 1341 1159 1393 iam
1199 1340 1414 1409 iamque
1439 1339 1714 1394 confidens

94 1412 337 1466 omnium
373 1412 692 1465 iniuriarum
726 1429 928 1481 poenas
967 1411 1046 1463 lui
1071 1411 1334 1481 sanguine
1373 1412 1502 1480 eiUS,
1544 1411 1713 1464 omni-

93 1482 195 1545 bus
231 1482 425 1536 animis
455 1482 748 1540 ,advorsum
783 1482 978 1552 pergit.
1042 1482 1132 1535 sed
1170 1482 1264 1534 ubi
1303 1499 1393 1535 eos
1433 1485 1622 1535 contra
1658 1499 1714 1534 se

99 1553 319 1607 tendere
365 1557 581 1623 paratos
628 1554 789 1609 armis
835 1556 995 1621 atque
1054 1553 1246 1607 animis
1294 1556 1519 1621 uterque
1566 1570 1713 1606 exer-
1736 1566 1778 1599 20

99 1623 235 1678 citus
273 1623 679 1693 animadvertit,
719 1624 875 1694 signo
914 1623 1039 1677 dato
1078 1623 1335 1677 recedunt
1373 1624 1568 1676 cuncti.

235 1694 349 1747 XL.
423 1695 644 1764 Iamque
698 1698 922 1763 uterque
978 1694 1139 1763 pleno
1201 1694 1372 1763 gradu
1428 1693 1716 1748 advorsum

94 1765 286 1820 cedens
334 1765 479 1819 intra
524 1766 723 1819 iactum
771 1765 866 1819 teli
902 1768 1289 1834 pervenerant„
1322 1783 1445 1819 cum
1482 1765 1714 1818 Alexan-

95 1835 189 1889 der
220 1836 535 1905 ,praevenire
574 1837 793 1906 cupiens
832 1835 1097 1904 simulque
1143 1838 1290 1891 ratus
1338 1836 1514 1905 primo
1552 1835 1715 1889 iaculi

96 1911 292 1960 eventu
328 1907 508 1961 locum
540 1907 754 1961 vulneri
798 1907 1143 1962 inventurum
1179 1907 1479 1975 praemittit
1503 1906 1716 1961 hastam
1738 1919 1779 1954 25

95 1994 287 2047 eaque
310 1977 469 2031 inlisa
514 1979 685 2048 clipeo
735 1978 893 2032 facile
944 1977 1163 2030 decussa
1201 1979 1295 2031 est.
1370 1977 1496 2030 dein
1534 1976 1715 2030 Mene-

95 2048 213 2102 laus
258 2066 456 2118 magno
502 2050 708 2118 impetu
757 2049 1045 2116 iaculatur,
1093 2047 1237 2101 haud
1285 2066 1411 2103 sane
1470 2046 1714 2102 dissimili

21 2136 30 2142 ·
96 2135 246 2172 casu:
293 2136 524 2188 namque
570 2123 758 2188 parato
816 2120 923 2172 iam
977 2119 1045 2172 ad
1101 2119 1396 2176 cavendum
1442 2119 1714 2189 ictumque

97 2188 399 2247 declinante
443 2189 598 2244 hoste
645 2190 812 2243 telum
859 2191 1043 2260 figitur
1080 2189 1247 2244 humi.
1323 2194 1379 2244 at
1425 2191 1519 2245 ubi
1556 2192 1714 2244 novis

97 2259 284 2313 iaculis
332 2278 522 2314 manus
555 2261 846 2330 ‘utriusque
894 2261 1224 2315 redarmatae
1272 2265 1413 2331 sunt,
1461 2265 1712 2332 pergunt.
1738 2275 1780 2309 30

95 2332 212 2382 tum
274 2330 487 2384 demum
541 2331 846 2386 Alexander
907 2333 1043 2387 ictus
1098 2333 1273 2387 femur
1330 2333 1473 2387 cadit
1529 2350 1589 2386 ac
1644 2350 1716 2387 ne

95 2418 222 2455 mox
267 2401 412 2454 hosti
459 2402 722 2456 ultionem
769 2421 889 2456 cum
937 2422 1143 2458 summa
1180 2404 1354 2475 gloria
1400 2403 1717 2463 concederet

95 2471 327 2540 pessimo
364 2473 607 2543 exemplo
646 2474 994 2528 intercessum
1042 2478 1135 2528 est.
1211 2492 1444 2543 namque
1488 2493 1610 2528 cum
1648 2474 1716 2528 ad

96 2542 526 2596 interficiendum
575 2563 696 2598 eum
745 2545 932 2599 educto
1018 2545 1160 2599 ladio
1207 2548 1489 2613 prorueret
1534 2545 1715 2599 Mene-

95 2611 238 2681 lauS,
277 2631 342 2667 ex
379 2615 587 2669 occulto
635 2616 833 2686 sagitta
869 2616 984 2669 Pan
1023 2617 1103 2668 ari
1151 2616 1461 2669 vulneratus
1500 2617 1560 2670 in
1595 2617 1713 2686 ipso
1736 2630 1780 2664 35

539 85 728 132 BELLI
758 83 1030 132 TROIANI·
1048 83 1166 130 LIB.
1198 83 1258 126 11.
1643 81 1712 135 43

212 2772 238 2813 3
271 2771 490 2813 euforbus
522 2772 599 2816 GB
625 2770 632 2826 Ι
658 2772 915 2826 polidamas
950 2772 1027 2814 GB
1142 2776 1167 2814 9
1202 2772 1385 2815 deifobo
1421 2773 1456 2814 G
1559 2775 1610 2816 13
1646 2786 1715 2814 se-

97 2824 237 2872 ducto
271 2828 306 2869 G
384 2842 386 2845 ’
423 2830 474 2870 17
504 2828 652 2871 iratus
685 2828 788 2871 GB¹
827 2828 834 2882 1
868 2830 1052 2882 iamque
1091 2836 1210 2871 recte
1240 2830 1387 2871 abesse
1418 2831 1560 2871 maluit
1593 2831 1714 2871 Mer·

95 2894 220 2924 cerus
334 2886 389 2926 20
420 2885 584 2926 animis
614 2898 692 2927 om.
729 2886 807 2927 GB
838 2886 994 2927 habent
1030 2887 1112 2926 VP
1226 2888 1280 2928 23
1312 2886 1483 2928 ieetum
1518 2886 1567 2932 G.
