1956 3178
230 97 332 150 102
748 99 964 141 DIcTYs
997 98 1332 143 CRETENSIS

227 241 381 276 verso
427 226 611 276 tamen
659 223 802 276 inter
851 242 906 276 86
943 241 1188 276 sermone
1234 227 1428 295 agunt,
1477 243 1598 278 cum
1633 242 1701 278 ne
1737 243 1838 279 nos

228 293 446 363 quidem
483 295 643 347 11111118
682 294 1023 363 eiusdemque
1068 295 1274 347 insulae
1324 295 1487 348 simili
1522 295 1710 367 lingua
1745 295 1839 349 sed

226 364 376 417 varia
411 365 780 433 permixtaque
818 368 1044 417 utamur.
1109 365 1276 435 igitur
1314 384 1390 436 63,
1430 384 1564 436 quae
1601 367 1659 420 in
1694 366 1836 420 bello

228 453 452 487 evenere
491 435 708 487 Graecis
757 453 817 488 ac
867 435 1128 504 1131113118,
1180 440 1372 489 61111613
1417 437 1588 490 8616118
1626 455 1837 506 perpes-

183 522 205 555 5
227 523 421 573 susque
467 524 663 576 magna
708 525 772 558 ex
807 509 958 574 parte
1004 507 1291 560 memoriae
1326 508 1550 572 prodidi.
1626 507 1690 560 de
1727 509 1839 560 An-

224 579 412 627 tenore
463 577 682 645 eiusque
729 594 896 646 regno
953 595 1087 646 quae
1137 577 1406 631 audieram
1454 578 1642 631 retuli:
1690 595 1836 631 nunc

225 645 457 698 reditum
492 650 800 700 nostrorum
836 665 1053 699 narrare
1091 647 1253 701 iuvat.

698 888 959 949 LIBER
1006 888 1360 952 SEXTUS.

366 1025 408 1078 Ι.
492 1025 786 1094 Postquam
844 1027 1108 1095 impositis
1169 1028 1400 1096 611116118,
1458 1045 1593 1096 quae
1639 1025 1839 1097 singuli

228 1095 369 1148 bello
409 1097 811 1165 quaesiverunt,
861 1097 1142 1149 ascendere
1180 1098 1305 1165 ipsi,
1356 1098 1545 1150 solutis
1583 1097 1839 1150 anchora-

163 1166 367 1218 1111111118
404 1167 682 1235 navigant.
746 1167 870 1220 dein
908 1186 939 1220 a
963 1168 1133 1236 puppi
1171 1167 1493 1220 secundante
1519 1170 1682 1220 vento
1707 1185 1837 1236 pau-

227 1237 301 1288 cis
350 1236 534 1289 diebus
571 1255 862 1305 pervenere
913 1239 978 1290 ad
1017 1240 1290 1308 Aegaeum
1328 1256 1498 1291 mare:
1546 1238 1623 1290 ibi
1670 1237 1840 1290 multa

225 1307 486 1359 imbribus
525 1308 806 1376 ventisque
846 1312 898 1360 et
937 1310 1003 1361 ob
1047 1309 1101 1360 id
1140 1309 1407 1360 saeviente
1445 1309 1580 1361 mari
1617 1307 1840 1377 indigna

228 1378 433 1445 experti
469 1378 683 1446 passim,
720 1379 800 1430 uti
836 1379 947 1432 fors
982 1379 1195 1446 tulerat,
1229 1379 1573 1447 dispalantur.
1636 1379 1695 1430 in
1720 1378 1839 1447 quis
1910 1428 1914 1432 ,

227 1447 521 1500 Locrorum
566 1448 747 1500 classis
804 1450 1126 1517 perturbatis
1172 1467 1268 1516 per
1312 1451 1687 1517 tempestatem
1725 1448 1840 1501 offi-

164 1534 206 1567 15
230 1518 324 1571 ciis
370 1522 655 1571 nautarum
701 1522 755 1570 61
790 1520 932 1572 111161
969 1538 1023 1572 86
1060 1519 1347 1587 implicatis
1405 1519 1471 1571 ad
1506 1521 1839 1587 postremum

226 1588 452 1641 fulmine
500 1590 830 1642 comminuta
878 1594 971 1642 aut
1016 1591 1235 1642 incensa
1274 1592 1382 1642 est:
1431 1592 1486 1642 et
1519 1607 1613 1641 rex
1649 1588 1840 1642 Locro-

226 1677 346 1711 rum
394 1660 532 1711 Aiax
588 1663 874 1728 postquam
929 1661 1168 1712 natando
1220 1659 1441 1712 evadere
1497 1659 1839 1728 naufragium

228 1730 406 1782 enisus
445 1733 526 1782 681
562 1730 759 1798 aliique
796 1731 993 1782 tabulis
1041 1737 1133 1783 aut
1180 1730 1285 1782 alio
1325 1730 1588 1782 levamine
1625 1730 1839 1782 fluitan-

226 1803 307 1852 tes
354 1804 640 1868 postquam
697 1799 763 1851 ad
808 1800 1083 1853 Euboeam
1143 1799 1427 1868 devenere,
1477 1799 1840 1853 Choeradibus

164 1887 206 1918 20
231 1870 464 1938 scopulis
515 1870 722 1938 adpulsi
768 1875 1021 1938 pereunt:
1082 1888 1172 1923 eos
1230 1888 1462 1938 namque
1518 1888 1575 1922 re
1625 1870 1842 1939 cognita

226 1940 491 2009 Nauplius
538 1941 712 1992 ultum
766 1942 844 1993 ire
891 1942 1110 2010 cupiens
1166 1939 1466 1992 Palamedis
1508 1955 1700 1992 necem
1744 1957 1842 2008 per

226 2015 439 2063 noctem
479 2011 595 2080 igni
633 2011 772 2063 61310
800 2011 867 2063 ad
905 2030 966 2064 ea
1002 2011 1121 2065 loca
1147 2010 1423 2063 deflectere
1459 2013 1735 2078 tamquam
1772 2009 1840 2062 ad

227 2084 444 2149 portum
481 2084 745 2150 coegerat.

369 2150 438 2203 H.
502 2150 605 2202 Per
642 2151 783 2202 idem
820 2155 1031 2219 tempus
1067 2151 1213 2204 Oeax
1248 2150 1452 2218 Naupli
1488 2149 1647 2217 filius,
1686 2148 1838 2201 Pala-

163 2237 207 2269 25
231 2221 396 2273 medis
431 2221 597 2273 frater
632 2222 849 2290 cognito
878 2221 1108 2274 Graecos
1145 2221 1210 2273 ad
1240 2239 1363 2272 suos
1398 2237 1635 2273 remeare
1661 2220 1839 2289 Argos

232 2292 404 2359 venit,
452 2291 528 2343 ibi
565 2291 829 2360 Aegialen
876 2294 1035 2359 atque
1074 2290 1482 2360 Clytemestram
1518 2290 1668 2342 falsis
1704 2307 1841 2342 nun-

228 2362 318 2414 tiis
357 2361 638 2414 adversum
686 2362 906 2414 maritos
965 2365 1136 2413 armat
1191 2360 1462 2430 praedicto
1513 2360 1702 2412 ducere
1749 2376 1841 2411 eos

231 2450 410 2484 secum
467 2451 532 2484 ex
586 2431 747 2484 Troia
801 2449 992 2484 uxores
1056 2432 1329 2500 praelatas
1386 2431 1486 2482 1118.
1567 2431 1842 2497 praeterea

343 2589 524 2630 II—IV.
559 2588 715 2632 Malal.
750 2589 967 2629 168—171
1000 2587 1191 2631 Cedren.
1222 2587 1258 2626 P
1294 2588 1387 2628 133.

345 2718 370 2756 5
391 2716 609 2755 memoria
640 2714 761 2754 edidi
793 2715 871 2755 ΕΒ
919 2714 1162 2753 memoriae
1194 2712 1366 2752 tradidi
1388 2713 1438 2763 P,
1470 2713 1630 2763 scripsi
1659 2709 1840 2763 prodidi

233 2772 259 2810 9
291 2771 432 2811 soluti
455 2771 490 2811 G
539 2771 702 2811 solutis
724 2770 765 2809 B
881 2772 932 2811 18
955 2783 1033 2822 per
1064 2773 1246 2809 noctem
1277 2769 1375 2809 libri
1403 2775 1500 2820 post
1523 2767 1708 2819 aliique,
1730 2778 1839 2819 quae

232 2827 361 2866 verba
391 2840 449 2867 ex
478 2839 597 2880 seqq.
618 2827 695 2867 huc
726 2828 952 2879 irrepsisse
985 2827 1170 2866 editores
1200 2838 1282 2866 non
1308 2825 1422 2877 fuyz't
1526 2826 1580 2865 20
1601 2821 1780 2875 scopuli
1803 2822 1841 2869 G,

227 2882 403 2935 scopul'
434 2882 476 2921 B
591 2884 644 2923 24
674 2882 721 2923 id
755 2883 789 2923 G
847 2883 968 2923 idem
998 2881 1052 2924 Β.
