1956 3178
0 0 10 49 1
143 26 174 36 1.

0 0 182 159 [ff
558 110 748 155 mem
775 74 1028 152 'mcum
1057 108 1284 152 116117.
1660 106 1728 160 79

252 235 400 290 XIV.
465 234 668 288 Contra
704 234 847 303 apud
872 233 1134 287 Troianos
1172 233 1376 286 laetitia
1412 235 1572 302 atque
1611 249 1728 302 gra-

111 307 302 361 tulatio
341 309 563 360 cunctos
600 306 893 358 incesserat
929 303 1216 357 interfecto
1253 322 1413 373 quam
1438 302 1726 356 metuendo

115 377 297 431 hoste.
345 377 510 445 hique
557 375 850 428 Alexandri
905 378 1268 427 commentum
1324 374 1604 427 laudantes
1661 373 1728 425 ad

113 448 320 501 caelum
365 447 572 514 ferunt,
629 446 836 499 scilicet
880 463 1000 498 cum
1046 445 1256 498 insidiis
1302 448 1513 498 tantum
1558 444 1729 513 perfe-

113 519 269 587 cerit,
328 520 588 586 quantum
644 533 713 568 ne
770 516 829 568 in
886 516 1177 568 certamine
1223 515 1442 569 auderet
1497 514 1726 584 quidem.
1751 528 1771 561 5

24 588 29 605 ³
110 589 253 642 inter
291 605 428 656 quae
491 586 714 639 nuntius
759 585 976 638 Priamo
1033 587 1345 655 supervenit
1389 585 1729 655 Eurypylum

112 657 336 727 Telephi
365 675 429 710 ex
457 656 664 710 Moesia
689 656 1003 725 adventare,
1044 674 1203 725 quem
1240 675 1332 709 rex
1359 657 1544 709 multis
1570 658 1729 708 antea

115 728 374 781 inlectum
409 728 678 797 praemiis,
716 727 783 780 ad
819 730 1150 796 postremum
1190 728 1463 780 oblatione
1502 726 1729 795 despon-

115 816 204 852 sae
232 797 558 852 Cassandrae
585 798 1007 851 confirmaverat.
1073 797 1164 850 sed
1200 798 1344 850 inter
1370 801 1559 864 cetera,
1593 814 1729 865 quae

116 870 165 922 ei
200 868 561 938 pulcherrima
595 868 835 935 miserat,
875 868 1151 920 addiderat
1176 868 1337 920 etiam
1363 869 1529 920 vitem
1566 885 1731 936 quan·
1754 883 1795 915 10

40 959 41 962 ¹
118 938 238 992 dam
277 957 408 992 auro
447 939 715 1004 effectam,
767 942 820 990 et
857 938 925 991 ob
972 939 1027 990 id
1062 956 1159 1007 per
1204 938 1435 1007 populos
1472 955 1732 990 memora-

31 1068 34 1069 ?
117 1009 296 1062 bilem.
393 1013 628 1063 ceterum
683 1008 991 1078 Eurypylus
1057 1010 1255 1061 virtute
1321 1009 1505 1061 multis
1560 1008 1732 1060 clarus

115 1078 397 1132 Moesiacis
466 1080 625 1132 modo
695 1080 995 1147 Ceteiisque
1068 1079 1362 1132 instructus
1427 1078 1732 1148 legionibus

118 1167 327 1202 summa
362 1150 568 1203 laetitia
605 1168 637 1202 a
661 1149 908 1202 Troianis
947 1152 1198 1218 exceptus
1236 1167 1355 1219 spes
1391 1167 1577 1202 omnes
1614 1150 1731 1201 bar-

114 1220 258 1272 baris
301 1220 358 1272 in
396 1220 586 1272 melius
625 1223 977 1273 converterat.
1755 1235 1796 1268 15

257 1290 379 1343 XV.
454 1290 678 1343 Interim
717 1290 907 1342 Graeci
947 1307 1066 1343 ossa
1103 1290 1332 1342 Achillis
1375 1308 1512 1342 urna
1548 1306 1732 1341 recon-

115 1360 228 1413 dita
266 1359 622 1430 adiunctaque
660 1361 818 1413 simul
843 1360 1080 1413 Patrocli
1117 1361 1176 1413 in
1212 1359 1372 1430 Sigeo
1413 1359 1730 1440 sepelivere:

118 1430 204 1483 cui
243 1430 587 1500 sepulchrum
626 1431 788 1483 etiam
815 1431 1168 1483 extruendum
1206 1432 1271 1483 ab
1300 1431 1400 1499 his,
1441 1431 1534 1499 qui
1571 1431 1629 1482 in
1668 1447 1731 1482 eo

118 1500 238 1554 loco
275 1500 572 1570 habebant,
612 1501 852 1554 mercede
890 1502 1030 1553 Aiax
1080 1501 1221 1554 locat
1276 1501 1594 1580 indignatus
1624 1500 1732 1552 iam

118 1570 182 1623 de
221 1569 465 1640 GraeciS‚
505 1571 650 1640 quod
686 1571 824 1623 nihil
862 1572 920 1623 in
958 1571 1042 1623 his
1081 1571 1304 1641 dignum
1342 1571 1542 1624 doloris
1579 1571 1730 1622 iuxta
1750 1588 1792 1620 20

22 1680 24 1682 -
116 1641 459 1694 amissionem
497 1642 637 1694 tanti
683 1642 862 1694 herois
910 1641 1373 1695 animadverterat.
1445 1659 1542 1710 per
1590 1640 1732 1693 idem

31 1764 34 1767 ,
114 1714 260 1780 temp
263 1730 326 1764 us
362 1711 626 1781 PyrrhUS‚
714 1730 837 1764 uem
883 1711 1298 1780 Neoptolemum
1344 1712 1731 1779 memorabant,

116 1782 331 1851 genitus
356 1782 570 1835 Achille
608 1730 974 1835 exffieidamia
997 1782 1313 1863 Lycomedis
1349 1782 1731 1851 superveniens

118 1851 342 1905 offendit
378 1853 646 1905 tumulum
694 1857 991 1906 extructum
1040 1854 1147 1905 iam
1186 1871 1250 1906 ex
1294 1856 1445 1922 parte
1483 1853 1730 1905 maxima

116 1921 241 1974 dein
276 1926 621 1991 percontatus
673 1925 874 1976 exitum
911 1927 1167 1992 paternae
1205 1924 1394 1977 mortis
1440 1923 1498 1974 M
1536 1923 1728 1975 rmido-
1753 1937 1796 1971 25

114 2010 211 2045 nas
259 1996 472 2073 gentem
518 1994 867 2047 fortissimam
916 1998 969 2046 et
1015 1993 1258 2046 inclitam
1296 1942 1534 2046 bellantiy
1570 1992 1732 2045 armis

117 2063 508 2186 ἷῗὲἓῃίῖἳῖἒῗ
521 2065 882 2202 Πέονῖῗᾞῖᾯθ
899 2063 1259 2187 ffip‘zssffssffi
1292 2063 1541 2204 {3333ss
1557 2063 1731 2186 νέῗιῗέῗ

120 2202 195 2254 ibi
234 2203 508 2256 custodem
558 2222 736 2256 rerum
774 2204 1001 2257 Achillis
1038 2204 1459 2274 Hippodamiam
1496 2203 1731 2257 animad-

233 2419 258 2458 9
291 2417 484 2458 Ptolem.
517 2416 581 2459 VI
613 2430 654 2470 p.
686 2419 756 2469 37,
794 2419 859 2458 14.

230 2473 328 2515 XV.
359 2472 517 2514 Const.
548 2473 750 2515 Manass.
781 2475 851 2514 29.

231 2671 257 2710 6
288 2669 410 2710 inter
449 2682 565 2722 quae
605 2673 700 2710 tam
737 2670 863 2711 laeta
894 2671 935 2710 P
1067 2673 1120 2712 13
1160 2670 1420 2722 ceterisque
1463 2669 1542 2711 GB
1603 2670 1730 2710 citis·

25 2734 32 2769 ,·
120 2736 207 2778 que
239 2724 278 2764 A
327 2724 557 2766 obv-cemus
593 2728 773 2767 coniecit
811 2726 1072 2779 Ceteiisque
1191 2728 1242 2767 16
1273 2739 1416 2767 urnae
1458 2728 1561 2767 edit.
1588 2727 1728 2778 princ.

119 2781 179 2823 ef.
207 2783 247 2823 8.
284 2781 349 2822 18.
372 2783 413 2822 V
438 2782 502 2823 15.
593 2784 644 2823 19
675 2782 952 2824 habitabant
989 2783 1071 2822 VP
1141 2784 1192 2823 21
1227 2782 1622 2823 animaduerteret
1643 2782 1733 2821 BV

118 2837 174 2878 25
202 2837 463 2933 &longusque
498 2843 599 2890 post
637 2841 783 2880 mortis
822 2840 921 2880 add.
954 2839 1036 2880 VP
1186 2839 1240 2879 28
1281 2838 1478 2892 phyniee
1514 2839 1548 2879 G
1582 2838 1589 2891 1
1623 2850 1729 2879 con-

118 2895 198 2934 ten
233 2893 269 2933 it
345 2924 355 2934 .
