1956 3178
206 670 280 731 L.
328 668 786 732 SEPTIMIUS
834 662 924 745 Q.'
956 669 1286 732 ARADIO
1335 670 1396 733 S.
1442 671 1521 731 D.

199 836 283 906 ΕΡ
287 836 560 889 hemerida
596 836 737 889 Belli
774 835 995 889 Troiani
1031 835 1218 904 Dictys
1245 836 1540 906 CretensiS‚
1581 838 1674 907 qui

58 909 118 961 in
155 925 218 961 ea
254 907 448 959 militia
485 924 606 959 cum
642 906 931 960 Idomeneo
969 908 1190 976 meruit,
1236 908 1554 977 conscripsit
1588 908 1674 961 lit-

58 978 187 1032 teris
223 977 470 1046 PuniciS,
510 995 645 1046 quae
682 981 798 1031 tum
824 976 1025 1031 Cadmo
1064 980 1118 1031 et
1153 980 1407 1048 Agenore
1445 979 1674 1032 auctori-

59 1050 158 1102 bus
193 1065 292 1117 per
317 1048 594 1101 Graeciam
631 1047 818 1117 freque
859 1048 1126 1101 tabantur.
1191 1049 1315 1101 dein
1343 1052 1469 1118 post
1505 1050 1674 1103 multa

58 1118 269 1172 saecula
305 1119 559 1187 conlapso
598 1136 694 1187 per
730 1066 1052 1185 vestutatem
1089 1119 1232 1199 apud
1262 1119 1503 1188 Gnoson,
1544 1120 1674 1173 olim
1695 1134 1716 1167 5

60 1188 331 1243 Cretensis
368 1190 523 1259 regni
560 1189 752 1257 sedem,
792 1189 1075 1258 sepulchro
1104 1189 1232 1258 61116,
1270 1192 1514 1258 pastores
1552 1208 1674 1243 cum

58 1277 121 1313 60
161 1259 524 1327 devenissent,
561 1259 702 1312 forte
739 1259 882 1312 inter
918 1262 1150 1312 ceteram
1185 1260 1399 1313 ruinam
1435 1261 1673 1313 loculum

57 1333 253 1383 stanno
292 1330 489 1383 affabre
527 1330 766 1382 clausum
805 1330 1072 1382 offendere
1120 1347 1181 1382 ac
1217 1330 1532 1383 thesaurum
1569 1332 1673 1384 rati

57 1418 183 1454 mox
205 1400 519 1469 dissolvunt,
556 1418 670 1453 non
696 1419 884 1453 aurum
918 1418 1018 1453 nec
1043 1399 1190 1453 aliud
1215 1401 1499 1470 quicquam
1523 1420 1673 1471 prae-

57 1470 178 1540 dae,
227 1470 318 1523 sed
363 1471 530 1523 libros
575 1489 639 1523 ex
684 1471 899 1540 philyra
944 1471 1002 1523 in
1048 1471 1222 1524 lucem
1258 1471 1540 1540 prodituri.
1617 1475 1673 1526 at
1697 1495 1736 1528 ιο

56 1541 150 1594 ubi
186 1559 306 1610 spes
342 1541 599 1594 frustrata
636 1544 730 1609 est,
769 1540 836 1593 ad
866 1541 1083 1594 Praxim
1121 1541 1400 1594 dominum
1436 1542 1542 1595 1061
1580 1561 1672 1596 606

58 1611 324 1676 deferunt,
364 1611 457 1680 (1111
483 1614 837 1664 commutatos
874 1611 1067 1664 litteris
1092 1612 1305 1681 Atticis,
1343 1630 1470 1664 nam
1497 1613 1670 1666 oratio

56 1680 263 1735 Graeca
298 1681 489 1750 fuerat,
527 1681 734 1734 Neroni
771 1681 1017 1735 Romano
1057 1681 1270 1735 Caesari
1309 1682 1532 1751 obtulit,
1571 1702 1670 1752 pro

95 1770 165 1805 uo
189 1751 435 1820 plurimis
461 1753 527 1804 ab
555 1770 618 1804 60
646 1751 874 1804 donatus
901 1755 996 1805 est.
1058 1753 1215 1805 nobis
1242 1770 1363 1805 cum
1398 1752 1456 1805 in
1481 1771 1672 1806 manus

58 1770 116 1875 110
117 1824 198 1874 rte
235 1821 406 1874 libelli
445 1822 734 1891 venissent,
774 1821 959 1875 avidos
985 1840 1141 1875 verae
1178 1823 1436 1878 historiae
1474 1823 1668 1892 cupido
1694 1837 1735 1870 15

55 1892 274 1946 incessit
319 1910 383 1945 66
428 1893 508 1944 uti
554 1895 708 1945 erant
763 1892 954 1946 Latine
1006 1892 1287 1973 disserere,
1338 1911 1453 1946 non
1497 1895 1671 1964 magis

58 1962 246 2016 confisi
282 1962 520 2032 ingeniO‚
548 1981 709 2032 quam
733 1965 796 2015 ut
833 1963 993 2016 otiosi
1019 1963 1185 2015 animi
1212 1935 1469 2016 desidiam
1500 1964 1670 2017 discu-

54 2034 304 2091 teremus.
369 2033 550 2102 itaque
587 2034 828 2101 priorum
866 2034 1103 2102 quinque
1141 2034 1494 2102 voluminum,
1534 2052 1670 2103 quae

55 2102 198 2183 bello
237 2105 512 2156 contracta
536 2106 792 2173 gestaque
818 2106 958 2171 sunt,
999 2102 1225 2156 eundem
1251 2121 1535 2156 numerum
1564 2122 1670 2157 ser-

55 2173 319 2227 vavimus:
376 2173 588 2226 residua
636 2181 856 2237 quatuor
900 2173 963 2226 de
1008 2172 1184 2226 reditu
1232 2173 1561 2227 Graecorum
1611 2175 1670 2228 in
1692 2191 1734 2223 20

55 2261 225 2324 unum
269 2242 571 2313 redegimus
618 2246 778 2312 atque
826 2242 893 2295 ad
938 2246 992 2296 te
1034 2244 1300 2297 misimus:
1421 2243 1669 2313 ‚Rufine

55 2313 158 2383 mi,
195 2315 256 2366 ut
290 2331 388 2382 par
425 2316 528 2382 est,
567 2313 687 2365 fave
726 2314 944 2382 coeptis,

170 2486 194 2524 1
224 2483 575 2538 Ephemeridem
606 2485 648 2525 P
758 2484 785 2525 6
815 2485 937 2536 regis
967 2486 1010 2525 P
1122 2486 1148 2526 8
1170 2489 1383 2539 stagnum
1414 2498 1442 2524 a
1473 2485 1606 2527 fabro
1632 2486 1675 2525 P

55 2541 83 2581 9
113 2552 261 2594 neque
300 2541 544 2594 quicquam
574 2541 616 2581 P
743 2540 793 2580 11
831 2541 1014 2582 Prasim
1044 2542 1086 2581 P
1216 2543 1269 2583 15
1306 2540 1455 2582 libelli
1486 2541 1602 2582 forte
1632 2543 1672 2583 P

56 2595 206 2637 auidis
236 2597 354 2638 editt.
383 2601 485 2638 uetc.
589 2596 641 2636 16
671 2608 762 2638 non
793 2610 869 2638 om.
902 2597 944 2637 P
1015 2599 1067 2639 17
1099 2610 1232 2650 quam
1263 2611 1339 2638 om.
1374 2598 1412 2637 P
1514 2599 1570 2639 20
1599 2611 1670 2638 re-

57 2650 192 2693 sidua
222 2651 277 2694 de
309 2665 345 2698 r.
370 2664 451 2706 ‘giu
500 2653 699 2706 quinque
739 2651 781 2692 P
866 2655 1064 2706 quinque
1095 2654 1215 2701 libri,
1249 2656 1446 2706 quatuor
1490 2655 1671 2695 coniecit

55 2707 320 2750 Dedericlms
433 2709 487 2749 22
520 2708 629 2750 saue
659 2709 857 2761 inceptis
888 2713 1023 2762 atque
1056 2711 1105 2750 in
1136 2708 1331 2763 legendo
1363 2709 1494 2750 ditim
1525 2710 1577 2752 P.

140 2991 292 3025 Dxcm.
1394 2978 1415 3017 l
