1956 3178
269 103 339 156 90
782 84 1003 148 DicTYs
1035 105 1370 149 0331311313

271 231 412 284 cives
457 231 659 284 tollunt
715 249 807 300 spe
867 231 1076 284 animos
1126 231 1491 284 existimantes
1545 232 1708 284 finem
1751 232 1882 285 belli

271 305 429 370 atque
467 301 868 355 discordiarum.
929 303 1110 371 itaque
1136 320 1364 371 propere
1401 305 1616 355 senatus
1649 302 1880 372 habituS,

270 372 364 424 ubi
399 372 598 424 nostris
635 373 1004 441 praesentibus
1042 373 1344 425 decernitur
1367 373 1599 441 primum
1643 373 1880 427 omnium

270 443 655 495 Antimachum
702 461 766 495 ex
814 445 962 496 omni
998 443 1235 514 Phrygia
1282 443 1627 512 exulandum,
1683 443 1885 497 scilicet

228 529 250 562 5
273 517 543 566 auctorem
589 515 728 566 tanti
773 514 917 567 mali.
1007 514 1130 567 dein
1176 533 1334 583 super
1379 514 1693 567 condicione
1738 514 1885 583 pacis

271 584 491 636 tractari
527 587 790 653 coeptum.

414 654 481 707 V
555 654 704 707 Inter
751 674 886 724 quae
932 658 1151 724 repente
1199 655 1452 736 strepitus
1500 673 1564 708 ex
1600 654 1882 735 Pergamo,

274 725 367 777 ubi
403 725 553 794 regia
578 726 792 779 Priamo
821 729 948 795 erat,
977 726 1282 794 clamorque
1319 727 1510 796 ingens
1537 725 1726 779 editur.
1778 743 1887 794 qua

274 814 331 847 re
377 797 579 848 turbati
627 798 718 865 qui
774 798 832 848 in
877 797 1102 850 consilio
1159 800 1313 849 erant
1375 797 1521 849 foras
1578 795 1882 876 prosiliunt,

212 881 254 912 10
277 866 550 919 credentes
587 867 806 920 insidias
843 871 1130 936 temptatas
1168 867 1327 920 solito
1374 886 1406 919 a
1442 867 1667 936 regulis:
1706 867 1887 935 itaque

276 937 335 989 in
370 938 631 1005 templum
661 937 936 990 Minervae
974 956 1201 1006 propere
1241 937 1554 990 concedunt.
1633 940 1689 990 at
1724 936 1887 1006 paulo

276 1010 400 1076 post
437 1026 502 1059 ex
548 1007 657 1075 his,
698 1009 791 1076 qui
838 1026 903 1061 ex
950 1026 1070 1061 arce
1108 1007 1504 1076 descenderant,
1545 1007 1891 1077 cognoscitur

277 1078 571 1130 Alexandri
618 1079 782 1147 filios,
832 1097 966 1147 quos
1014 1097 1077 1130 ex
1123 1078 1332 1131 Helena
1385 1081 1716 1146 susceperat,
1764 1094 1891 1130 casu

278 1167 516 1201 camerae
555 1150 835 1202 extinctos,
899 1149 1063 1218 hique
1112 1152 1264 1201 erant
1306 1147 1585 1202 Bunomus
1624 1147 1891 1217 Corythus

216 1232 258 1265 15
283 1222 441 1287 atque
478 1219 683 1272 Idaeus.
747 1238 910 1288 quare
949 1220 1173 1272 consilio
1213 1219 1378 1272 dilato
1417 1219 1576 1271 duces
1613 1218 1786 1271 nostri
1823 1216 1892 1270 ad

279 1293 613 1342 Antenorem
640 1291 840 1343 abeunt
875 1291 1055 1359 ibique
1094 1291 1324 1358 acceptis
1361 1290 1530 1358 epulis
1554 1288 1890 1358 pernoctant.

280 1363 554 1429 praeterea
592 1364 925 1430 cognoscunt
961 1362 1027 1413 ab
1065 1363 1343 1413 Antenore
1382 1360 1583 1412 editum
1621 1359 1893 1438 quondam

282 1431 555 1483 oraculum
605 1431 851 1483 Troianis
897 1431 1129 1483 maximo
1184 1431 1346 1483 exitio
1406 1430 1613 1482 civitati
1658 1430 1800 1497 fore,
1848 1429 1894 1481 31

283 1501 607 1581 Ρ3113(1111111,
658 1502 802 1570 (111οᾶ
848 1502 907 1553 111
951 1502 1152 1570 templo
1203 1501 1476 1553 Minervae
1523 1503 1684 1568 esset,
1745 1502 1895 1552 extra

217 1586 260 1618 20
283 1572 496 1624 moenia
532 1572 825 1624 tolleretur.
889 1590 1120 1640 namque
1146 1573 1200 1624 id
1225 1571 1656 1640 antiquissimum
1681 1571 1895 1639 signum

284 1642 429 1694 caelo
466 1642 691 1711 lapsum,
740 1661 845 1711 qua
881 1646 1199 1710 tempestate
1234 1642 1345 1695 Ilus
1399 1642 1659 1710 templum
1697 1640 1895 1692 Miner-

283 1731 380 1764 vae
431 1717 680 1765 extruens
743 1731 911 1781 prope
969 1731 1234 1765 summum
1291 1712 1497 1782 fastigii
1553 1712 1895 1790 pervenerat:

284 1783 465 1851 ibique
501 1783 643 1835 inter
681 1802 858 1852 opera,
899 1801 1019 1835 011111
1055 1783 1282 1835 necdum
1307 1787 1562 1862 tegumen
1598 1780 1896 1850 superposi-

284 1858 401 1905 tum
427 1857 579 1922 esset,
607 1854 783 1906 sedem
811 1854 894 1906 sui
920 1854 1283 1922 occupavisse:
1319 1853 1478 1921 idque
1505 1853 1720 1922 signum
1744 1851 1895 1932 ligno

220 1937 264 1969 25
286 1896 639 1977 fabrefactiim
687 1943 814 1977 3333.
889 1924 1231 1976 hortantibus
1278 1923 1401 1975 dein
1436 1923 1661 1991 nostriS,
1703 1922 1785 1974 uti
1816 1938 1899 1974 33-

289 2013 410 2046 011111
447 1994 513 2046 3(1
551 2014 613 2047 33
650 1995 831 2047 01111113
879 1995 1183 2063 eniteretur,
1222 1994 1488 2046 facturum
1526 2011 1596 2059 33,
1636 2010 1773 2061 (11133
1811 2009 1898 2072 011-

287 2068 491 2132 perent,
530 2065 822 2133 respondit.
885 2069 1044 2134 atque
1080 2037 1183 2117 his⁷
1203 2064 1463 2133 praedicit
1498 2063 1709 2132 publice
1747 2079 1802 2115 se
1839 2061 1900 2113 in

289 2135 513 2187 consilio
571 2153 730 2214 super
792 2136 1050 2203 qualitate
1116 2154 1323 2203 eorum,
1382 2152 1516 2203 quae
1574 2131 1897 2212 postulaturi

291 2209 481 2272 essent,
522 2206 753 2258 exertius
781 2205 1143 2274 disserturum,
1182 2206 1384 2258 scilicet
1420 2223 1488 2256 ne
1526 2222 1632 2273 qua
1673 2201 1899 2271 suspitio

227 2287 270 2320 30
292 2276 375 2328 sui
412 2276 554 2344 apud
600 2276 853 2328 barbaros
902 2248 1146 2328 orireturi
1221 2276 1297 2328 ita
1343 2275 1638 2343 composito
1676 2291 1746 2325 ne
1783 2272 1896 2325 otio

292 2364 413 2398 cum
450 2347 567 2399 luce
606 2345 764 2398 simul
791 2347 1037 2398 Antenor
1074 2364 1134 2399 ac
1171 2346 1365 2414 reliqui
1390 2363 1634 2413 proceres
1664 2343 1730 2396 ad
1800 2342 1901 2394 ria-

293 2435 438 2470 mum
476 2417 702 2484 vadunt,
741 2417 913 2469 nostri
950 2416 1017 2468 ad
1053 2435 1216 2468 naves
1254 2416 1493 2468 redeunt.

434 2487 529 2540 VI.
593 2486 734 2539 Dein
770 2487 865 2539 ubi
901 2488 1041 2538 iusta
1064 2487 1243 2554 pueris
1280 2487 1424 2538 facta
1460 2487 1585 2537 sunt
1611 2486 1735 2552 post
1760 2482 1902 2536 diem

293 2558 513 2610 tertium
537 2558 725 2610 Idaeus
765 2556 1094 2626 supradictos
1121 2557 1278 2608 duces
1316 2556 1544 2608 accitum
1568 2553 1742 2606 venit:
1782 2552 1902 2622 quis

409 2702 448 2741 V
479 2700 635 2740 Malal.
675 2703 751 2742 137
783 2700 978 2742 Cedren.
1010 2699 1044 2738 P
1078 2701 1158 2741 130

413 2829 464 2867 10
495 2826 631 2867 solito
663 2841 740 2868 om.
763 2827 805 2866 B
837 2839 960 2867 more
992 2827 1091 2866 add.
1116 2826 1156 2864 P
1242 2826 1291 2865 12
1325 2823 1628 2864 descenderat
1651 2823 1686 2863 G
1715 2821 1904 2861 descen-

299 2883 462 2923 derant
492 2882 533 2922 B
637 2885 688 2923 16
718 2884 855 2936 hique
891 2883 926 2924 G
969 2882 1123 2935 ibique
1155 2881 1196 2920 B
1294 2882 1347 2920 22
1381 2893 1553 2921 summo
1586 2878 1775 2931 fastigio
1809 2875 1902 2919 ΕΒ.
