1956 3178
392 124 486 168 ¹DE
519 123 766 168 EXCIDIO
800 122 1025 168 TROIAE
1058 121 1362 166 HISTORIA.
1647 121 1716 173 13

67 246 239 299 mines
295 263 473 298 secum
528 263 687 313 quam
742 244 1001 312 plurimos
1058 243 1297 312 captivos
1362 242 1605 311 abduxit,
1660 242 1717 294 in

67 337 230 372 naves
283 318 543 387 inposuit,
597 319 822 371 classem
870 317 1052 386 solvit,
1107 317 1324 370 domum
1370 316 1564 368 reverti
1611 315 1715 368 dis-

68 393 269 462 posuit,
323 394 380 445 in
433 395 648 461 portum
695 391 948 444 Tenedon
993 390 1259 459 pervenit,
1312 390 1405 442 ubi
1451 389 1716 442 Helenam

69 470 331 520 maestam
379 466 613 536 alloquio
652 465 889 535 mitigat,
935 465 1076 533 patri
1115 465 1193 517 rei
1233 467 1414 534 gestae
1464 464 1716 517 nuntium

69 541 251 594 mittit.
303 539 549 592 Menelao
581 542 868 608 postquam
900 538 1209 591 nuntiatum
1245 542 1327 591 est
1349 538 1564 607 Pylum,
1596 556 1716 591 cum
1742 554 1764 586 5

69 613 298 667 Nestore
354 613 603 682 Spartam
655 613 925 682 profectus
981 616 1085 681 est,
1140 612 1207 664 ad
1252 611 1718 681 Agamemnonem

67 691 289 743 fratrem
327 687 476 740 misit
512 687 690 756 Argos
728 703 927 756 rogans
937 729 951 754 ,
990 690 1050 739 ut
1089 687 1155 738 ad
1195 704 1251 739 se
1290 686 1485 739 veniat.

217 761 310 814 XI.
385 761 600 813 Interea
646 761 951 812 Alexander
1005 760 1072 812 ad
1125 763 1333 828 patrem
1388 778 1544 812 suum
1598 778 1719 812 cum

69 852 268 906 magna
305 834 504 904 praeda
541 834 785 903 pervenit
831 837 885 886 et
922 834 999 886 rei
1039 836 1222 903 gestae
1267 833 1509 886 ordinem
1540 833 1718 886 refert.

71 909 316 962 Priamus
363 908 578 978 gavisus
618 911 701 960 est
739 925 961 976 sperans
1001 906 1235 960 Graecos
1275 907 1344 960 ob
1385 925 1600 969 causam
1639 924 1789 959 re-10

70 982 430 1052 cuperationis
477 981 714 1034 Helenae
778 999 1016 1034 sororem
1066 980 1364 1034 Hesionam
1418 976 1718 1034 reddituros

71 1061 125 1109 et
169 1074 231 1109 ea
285 1074 420 1126 quae
465 1056 589 1108 inde
637 1074 668 1108 a
713 1054 960 1108 Troianis
1008 1055 1359 1108 abstulerunt.
1454 1054 1719 1108 Helenam

71 1134 333 1183 maestam
373 1130 680 1183 consolatus
720 1133 803 1182 est
841 1133 894 1182 et
933 1147 1050 1181 eam
1090 1128 1397 1182 Alexandro
1437 1129 1721 1199 coniugem

71 1203 230 1257 dedit.
308 1222 469 1273 quam
508 1207 570 1256 ut
608 1203 816 1272 aspexit
854 1201 1179 1272 Cassandra,
1224 1203 1507 1256 vaticinari
1545 1203 1722 1272 coepit

71 1295 375 1330 memorans
408 1295 472 1329 ea
518 1294 652 1347 quae
692 1280 815 1330 ante
853 1277 1202 1346 praedixerat.
1270 1296 1431 1346 quam
1471 1276 1718 1330 Priamus
1745 1291 1787 1323 15

73 1351 315 1404 abstrahi
372 1355 427 1404 et
478 1351 678 1404 includi
731 1351 901 1404 iussit.
993 1351 1372 1421 Agamemnon
1432 1354 1721 1420 postquam

74 1423 322 1495 Spartam
361 1425 529 1494 venit,
567 1425 788 1477 fratrem
829 1425 1135 1478 consolatus
1176 1428 1260 1477 est
1297 1429 1350 1478 et
1392 1425 1616 1494 placuit,
1662 1428 1722 1477 ut

73 1517 168 1568 per
204 1502 377 1552 totam
410 1498 690 1551 Graeciam
722 1499 1076 1568 conquisituri
1108 1499 1452 1553 mitterentur
1490 1499 1558 1551 ad
1597 1517 1721 1552 con-

74 1573 340 1626 vocandos
395 1571 628 1626 Graecos
690 1576 743 1625 et
801 1572 1047 1626 Troianis
1109 1573 1310 1626 bellum
1364 1572 1721 1626 indicendum.

74 1650 437 1699 convenerunt
462 1650 640 1698 autem
663 1646 744 1699 hi·
775 1646 1013 1699 Achilles
1046 1665 1165 1699 cum
1183 1646 1430 1699 Patroclo
1454 1645 1722 1716 Euryalus
1747 1662 1791 1693 20

75 1720 414 1789 Tlepolemus
437 1718 740 1773 Diomedes.
785 1723 1072 1791 postquam
1097 1719 1345 1789 Spartam
1370 1723 1722 1789 accesserunt,

75 1794 420 1847 decreverunt
462 1794 683 1847 iniurias
723 1794 1080 1847 Troianorum
1118 1795 1389 1864 persequi,
1430 1794 1720 1847 exercitum

75 1871 129 1920 et
159 1868 384 1920 classem
415 1885 725 1937 conparare:
765 1867 1230 1938 Agamemnonem
1247 1868 1636 1937 imperatorem
1669 1871 1724 1921 et

78 1941 265 1994 ducem
296 1941 624 2010 praeficiunt.
678 1942 736 1994 hi
767 1942 974 2012 legatos
999 1942 1246 2011 mittunt,
1278 1947 1338 1994 ut
1360 1946 1478 1995 tota
1502 1941 1723 1995 Graecia

30 2021 34 2031 '
76 2014 399 2068 conveniant
437 2033 557 2069 cum
589 2015 849 2069 classibus
882 2019 936 2068 et
967 2016 1286 2068 exercitibus
1319 2016 1495 2068 ornati
1525 2016 1722 2084 parati·
1747 2031 1792 2063 25

77 2106 179 2158 que
204 2089 271 2141 ad
294 2089 681 2142 Atheniensem
705 2093 942 2158 portum,
966 2093 1027 2142 ut
1049 2089 1173 2145 inde
1197 2090 1399 2158 pariter
1422 2090 1489 2142 ad
1506 2090 1723 2143 Troiam

77 2163 482 2230 proficiscantur
530 2163 596 2215 ad
643 2163 1001 2216 defendendas
1053 2182 1176 2216 suas
1215 2163 1454 2217 iniurias,
1531 2162 1725 2218 Castor

201 2373 221 2410 1
256 2366 469 2424 captiuos
494 2381 578 2411 om.
604 2366 647 2412 G
675 2369 679 2423 Ι
708 2367 906 2412 adduxit
937 2367 979 2413 G
1093 2374 1121 2413 4
1147 2368 1354 2424 alloquio
1379 2370 1577 2414 mestam
1601 2368 1726 2414 miti-

80 2425 215 2484 gauit
245 2425 287 2470 G
407 2431 433 2470 5
465 2426 595 2471 misit
626 2425 668 2471 G
696 2428 702 2483 Ι
728 2442 774 2494 p.
798 2426 850 2471 in
879 2426 977 2484 pilo
1009 2443 1052 2472 n.
1078 2427 1174 2473 LG
1200 2430 1207 2485 Ι
1234 2428 1401 2484 Pylum
1428 2428 1594 2484 scripsi
1625 2441 1726 2472 cum

81 2485 144 2528 M
263 2490 285 2529 7
326 2498 464 2543 argos
506 2486 569 2529 M
643 2486 768 2544 argis
808 2485 903 2531 LG
937 2490 942 2543 1
979 2500 1008 2530 a
1055 2501 1103 2531 86
1142 2487 1186 2530 L
1321 2493 1374 2531 10
1414 2487 1473 2531 ob
1513 2487 1634 2531 hanc
1682 2487 1726 2532 G

83 2549 134 2587 11
167 2543 438 2588 haesionam
469 2544 513 2588 L
635 2547 688 2589 13
729 2545 996 2590 consolatur
1035 2549 1084 2590 et
1123 2546 1166 2590 G
1289 2551 1343 2589 14
1382 2545 1642 2591 uaticinare
1681 2547 1728 2590 L

83 2607 136 2646 15
179 2615 442 2648 memorans
485 2617 569 2648 om.
615 2603 658 2648 G
691 2605 697 2660 Ι
731 2604 967 2662 praedixit
1013 2605 1055 2650 G
1185 2611 1239 2649 16
1279 2604 1458 2649 abstrai
1497 2604 1539 2649 G
1670 2611 1726 2650 18

80 2661 416 2776 ξὲηᾳηίεἱᾶοωε
464 2661 509 2706 V
538 2665 544 2719 1
575 2663 822 2766 {nitterent
857 2663 1009 2767 L2XE
1032 2664 1331 2767 1111ὲί16161ῗὲ
1377 2663 1635 2767 qugtlesictluri
1660 2665 1726 2766 lG

79 2733 260 2823 musi}
318 2722 766 2837 ῗὲᾒῗοζέἑῇἔθῗῗ
838 2796 841 2798 ·
886 2787 941 2826 23
975 2737 1323 2839 οέἔὲῖιζῖᾶαω
1346 2782 1439 2837 fere
1470 2736 1725 2826 libo-2933&-

80 2837 238 2894 parari
270 2837 315 2882 V
371 2852 639 2896 comparare
666 2840 921 2885 Mercerius
947 2841 953 2898 1
982 2843 1031 2885 et
1061 2841 1226 2886 ducem
1257 2854 1340 2893 ow.
1367 2841 1410 2884 G
1531 2846 1585 2884 25
1619 2854 1725 2885 con

81 2896 243 2942 ueniat
272 2895 367 2941 LG
427 2898 710 2943 conueniant
738 2898 798 2944 Β.
