1956 3178
595 105 784 147 ssnnm
813 103 1069 147 'mcum
1097 103 1215 148 mn.
1246 103 1322 148 vl.
1678 102 1781 156 105

165 230 328 302 vigat.
411 230 489 284 ibi
539 230 711 286 multa
765 229 1047 283 adversum
1104 227 1349 282 Orestem
1403 229 1649 282 molitur:
1712 230 1780 283 ad

163 303 494 372 postremum
518 300 864 354 multitudine
900 299 1245 369 popularium
1292 299 1560 353 cohibitus
1608 301 1675 353 ab
1714 319 1777 354 eo

201 371 309 426 uod
345 375 594 442 coeperat
628 371 850 441 negotio
888 370 1103 423 restitit.
1180 371 1304 423 inde
1350 371 1527 440 placet
1572 372 1779 424 cunctis

164 389 409 496 grestem
435 460 596 511 super
632 460 695 495 eo
729 441 968 494 facinore
994 458 1207 494 causam
1234 441 1407 494 dicere
1445 442 1587 511 apud
1611 442 1778 495 Athe-

163 513 402 582 nienses,
450 513 542 566 ubi
587 512 1027 582 Ariopagitarum
1079 511 1334 564 iudicium
1381 513 1777 566 severissimum
1799 531 1822 564 5

161 601 260 653 per
297 601 510 637 omnem
537 582 814 636 Graeciam
840 582 1261 635 memorabatur:
1301 583 1442 652 apud
1468 601 1602 652 quos
1638 583 1780 637 dicta

165 671 322 707 causa
375 653 585 707 iuvenis
639 653 951 707 absolvitur.
1025 653 1269 724 Erigona
1329 672 1466 723 quae
1514 672 1579 706 ex
1616 654 1779 724 Aegi-

163 723 285 777 stho
332 724 476 777 edita
523 729 660 792 erat,
717 725 812 776 ubi
858 724 1079 776 fratrem
1138 724 1444 777 absolutum
1491 724 1776 795 intellegit,

163 794 304 848 victa
341 795 524 848 dolore
562 794 832 848 inmodico
889 795 1081 863 laqueo
1130 795 1353 847 interiit.
1430 794 1776 848 Menestheus

47 852 50 854 v
94 866 99 870 ’
163 864 447 918 liberatum
497 864 724 919 Oresten
768 865 1041 934 parricidii
1099 866 1322 918 crimine
1378 869 1774 936 purgatumque
1800 884 1844 917 ιο

162 953 311 989 more
358 937 535 1005 patrio
583 936 789 989 cunctis
837 935 1083 989 remediis
1142 954 1277 1006 quae
1326 936 1393 988 ad
1450 937 1780 989 oblivionem

164 1004 472 1060 huiusmodi
516 1007 771 1060 facinoris
818 1006 1062 1059 adhiberi
1100 1007 1260 1059 solita
1308 1010 1484 1074 erant,
1524 1006 1779 1077 Mycenas

50 1067 74 1130 ἶ,
162 1077 414 1130 remittit:
463 1077 644 1146 ibique
682 1095 909 1148 regnum
947 1077 996 1130 ei
1034 1095 1361 1131 concessum.
1446 1077 1571 1130 dein
1606 1081 1779 1131 trans-

163 1150 283 1200 acto
330 1151 572 1217 tempore
619 1149 792 1200 accitu
838 1147 1112 1201 Idomenei
1147 1148 1359 1202 Cretam
1398 1149 1548 1201 venit
1603 1167 1778 1218 neque

161 1217 333 1270 multo
370 1222 495 1287 post
520 1217 820 1271 Menelaus:
859 1219 935 1271 ibi
959 1219 1131 1272 multa
1167 1219 1225 1271 in
1262 1222 1513 1287 patruum
1553 1219 1778 1272 saeviter
1800 1235 1846 1270 15

70 1299 74 1301 “
163 1306 260 1357 per
298 1306 419 1341 eum
457 1290 683 1358 ingesta,
723 1289 867 1358 quod
905 1289 1007 1341 sibi
1043 1308 1140 1358 per
1183 1289 1573 1342 dissensionem
1610 1307 1779 1358 popu-

0 1378 20 1395 2
52 1423 54 1425 ‚
82 1411 87 1414 ,
162 1357 354 1411 larium
389 1359 722 1412 multimodis
758 1360 1086 1428 periclitanti
1134 1360 1248 1428 ipse
1297 1360 1460 1412 etiam
1495 1360 1778 1412 insidiatus

162 1432 315 1482 esset.
390 1429 457 1482 ad
503 1433 835 1499 postremum
881 1431 1174 1483 intercessu
1219 1430 1495 1491 Idomenei
1552 1434 1778 1499 uterque

163 1499 478 1553 conciliatus
537 1501 639 1554 sibi
693 1500 1098 1554 Lacedaemona
1155 1501 1392 1554 discedit.
1484 1502 1560 1554 ibi
1598 1501 1778 1554 Mene-

163 1570 297 1638 laus,
336 1570 494 1623 sicuti
531 1574 872 1640 convenerat,
899 1571 1252 1624 Hermionam
1289 1572 1347 1623 in
1372 1572 1777 1625 matrimonium
1799 1589 1845 1622 20

163 1639 340 1695 Oresti
378 1641 467 1694 des
509 1642 676 1694 ondit.

305 1710 372 1764 V.
495 1730 552 1764 er
597 1712 738 1765 idem
785 1715 997 1781 tempus
1036 1711 1222 1765 Ulixes
1261 1711 1476 1766 Cretam
1523 1713 1777 1782 adpulsus

166 1784 248 1834 est
294 1781 498 1835 duabus
536 1782 869 1836 Phoenicum
914 1783 1142 1836 navibus
1189 1783 1446 1836 mercedis
1491 1788 1650 1852 pacto
1696 1802 1778 1837 ac-

167 1852 361 1921 ceptis:
399 1871 630 1922 namque
655 1872 778 1906 suas
803 1871 924 1909 cum
951 1854 1109 1906 sociis
1135 1857 1295 1922 atque
1334 1854 1598 1922 omnibus,
1638 1873 1776 1923 quae

166 1940 231 1976 ex
267 1922 430 1976 Troia
465 1923 741 1992 habuerat,
778 1942 876 1993 per
913 1924 1022 1976 vim
1047 1924 1356 1976 Telamonis
1393 1925 1643 1977 amiserat
1680 1925 1776 1978 sci·
1799 1938 1845 1972 25

165 1992 293 2046 licet
338 1993 521 2047 infesti
567 1996 636 2047 ob
683 1995 922 2047 inlatam
956 2013 1053 2062 per
1100 2012 1222 2046 eum
1267 1994 1380 2047 filio
1427 2013 1637 2063 necem,
1686 1996 1778 2048 vix

163 2062 278 2132 ipse
314 2064 571 2117 liberatus
607 2064 872 2117 industria
908 2065 1004 2117 sui.
1079 2065 1527 2134 percontantique
1572 2065 1778 2118 Idome-

162 2151 283 2202 ne0,
322 2135 516 2203 quibus
553 2153 618 2187 ex
656 2135 826 2187 causis
873 2135 931 2187 in
967 2138 1146 2187 tantas
1182 2135 1422 2188 miserias
1460 2136 1775 2205 devenisset,

166 2204 359 2257 erroris
395 2205 612 2258 initium
649 2223 865 2258 narrare
905 2206 1124 2275 occipit:
1172 2224 1278 2274 quo
1326 2209 1484 2274 pacto
1524 2207 1776 2275 adpulsus

162 2273 426 2327 Ismarum
480 2276 652 2328 multa
706 2275 831 2328 inde
886 2294 982 2344 per
1036 2276 1237 2329 bellum
1293 2277 1535 2345 quaesita
1580 2277 1778 2346 praeda
1798 2291 1843 2324 ³0

162 2345 500 2415 navigaverit
553 2345 911 2415 adpulsusque
969 2346 1035 2399 ad
1087 2346 1436 2417 Lotophagos
1483 2350 1643 2416 atque
1689 2347 1777 2400 ad-

164 2433 318 2468 versa
363 2434 490 2469 usus
535 2416 756 2470 fortuna
801 2417 1078 2470 devenerit
1124 2418 1183 2470 in
1232 2418 1494 2470 Siciliam:
1542 2418 1636 2470 ubi
1681 2435 1778 2486 per

276 2614 318 2656 V
346 2615 508 2659 Malal.
542 2616 765 2658 145—154
796 2617 987 2662 Cedren.
1019 2617 1055 2658 P
1090 2619 1184 2659 132.

278 2787 303 2826 3
336 2784 517 2826 destitit
555 2786 637 2827 VP
756 2787 781 2827 7
813 2799 864 2826 ex
902 2799 1118 2839 superscr.
1158 2799 1229 2838 pr.
1270 2799 1320 2828 m.
1357 2786 1391 2827 G
1509 2788 1560 2828 15
1590 2787 1774 2827 saeuire

168 2839 246 2882 GB
285 2843 395 2882 unde
442 2854 601 2883 seuere
647 2842 730 2882 VP
771 2849 959 2884 nostrum
999 2843 1159 2894 Peiper
1276 2844 1327 2883 17
1366 2843 1653 2895 periclitatus
1696 2843 1776 2883 ΟΒ

165 2909 280 2941 corr.
328 2897 412 2938 VP
538 2900 592 2939 27
625 2910 707 2938 sua
745 2899 826 2938 VP
939 2901 994 2940 30
1024 2898 1297 2940 Zismirnum
1332 2899 1409 2940 GB
1443 2905 1626 2940 nostrum
1658 2899 1710 2940 P.
