1956 3178
0 0 16 27 Ι

0 0 152 151 [F
565 127 751 170 BELm
782 124 1039 168 TssOIANI
1070 123 1187 168 LIB.
1220 108 1280 165 Π.
1660 122 1731 175 45

112 251 475 307 conditionem
531 251 721 304 hiemis
770 251 965 320 quietis
1022 249 1266 318 nihilque
1315 248 1511 300 hostile
1561 250 1731 317 suspi-

112 323 357 377 cantibus
395 340 649 391 paravere
697 321 1062 390 eruptionem,
1102 321 1221 388 quis
1258 318 1462 372 Hector
1510 318 1615 370 dux
1654 323 1731 372 at-

31 399 41 403 ”
114 412 216 464 que
256 393 485 447 audendi
511 396 697 446 auctor
733 392 922 445 factus.
986 391 1030 443 is
1069 407 1299 459 namque
1328 407 1520 442 omnes·
1547 390 1730 459 copias

112 465 398 518 instructas
455 464 616 516 armis
672 475 794 516 cum
851 463 968 515 luce
1033 461 1191 513 simul
1243 463 1399 529 porta
1446 460 1623 513 educit
1670 478 1730 514 ac

113 535 360 606 protinus
408 552 563 587 cursu
610 534 771 602 pleno
832 533 898 586 ad
945 550 1108 585 naves
1165 531 1384 584 tendere
1432 535 1593 600 atque
1651 532 1730 584 in·
1754 546 1775 579 5

23 583 39 646 π.
114 605 305 659 vadere
343 605 524 658 hostes
571 605 733 657 iubet.
810 607 865 657 at
904 603 1033 656 Grai
1084 603 1451 671 infrequentes
1498 606 1613 655 tum
1653 603 1732 655 in-

115 676 416 745 curiosique
463 676 529 728 ab
576 675 736 727 armis
785 675 990 727 turbari
1038 674 1206 726 simul
1271 675 1324 725 et
1380 672 1731 743 fugientibuS,

115 765 251 817 quos
288 747 481 813 primos
519 746 691 799 hostis
730 746 1044 813 incesserat,
1094 763 1200 813 quo
1248 744 1426 796 minus
1465 762 1613 796 arma
1650 762 1732 797 ca-

154 820 320 885 erent,
358 817 622 886 impediri,
660 820 776 869 tum
816 816 957 869 caesi
995 815 1151 868 multi
1199 814 1477 867 mortales:
1518 815 1730 883 iamque

138 888 246 940 usis
294 889 386 956 qui
434 889 492 939 in
539 887 714 940 medio
765 887 1005 955 fuerant,
1057 886 1260 939 Hector
1306 885 1372 937 ad
1409 903 1572 938 naves
1611 903 1732 956 pro·
1756 902 1796 934 ιο

49 1011 62 1020 Δ
115 976 326 1029 gressus
364 959 546 1028 ignem
585 959 642 1010 in
679 976 866 1026 proras
913 959 1084 1010 iacere
1123 975 1181 1009 ac
1228 956 1431 1009 saevire
1470 956 1732 1009 incendiis

115 1032 363 1098 coeperat
398 1029 550 1081 nullo
589 1032 897 1082 nostrorum
935 1046 1063 1081 auso
1103 1028 1372 1080 resistere:
1430 1027 1522 1095 qui
1559 1027 1733 1079 territi

115 1102 276 1168 atque
322 1100 599 1168 inproviso
646 1100 882 1152 tumultu
920 1116 1214 1168 exsangues
1252 1098 1479 1168 genibus
1504 1098 1733 1150 Achillis

116 1170 374 1223 auxilium
438 1170 752 1222 rennuentis
814 1174 992 1222 tamen
1058 1169 1509 1222 obvolvebantur:
1581 1172 1733 1220 tanta

121 1244 339 1309 repente
377 1241 605 1293 mutatio
645 1241 947 1293 animorum
984 1243 1198 1293 nostros
1236 1243 1396 1308 atque
1434 1239 1615 1292 hostes
1654 1239 1733 1291 in·
1756 1252 1797 1285 15

113 1314 358 1364 cesserat.

255 1381 446 1434 XLIII.
533 1381 745 1434 Interea
816 1382 955 1433 Aiax
1027 1381 1371 1434 Telamonius
1443 1381 1731 1432 adveniens

46 1516 49 1517 γ
115 1452 334 1533 cognito
383 1452 526 1520 apud
571 1470 735 1504 naves
783 1452 1016 1504 Hectore
1064 1469 1262 1521 magna
1309 1469 1580 1504 armorum
1618 1469 1734 1520 spe-

78 1540 196 1595 ,ncle
234 1522 431 1575 ibidem
481 1523 730 1591 apparuit
776 1541 836 1575 ac
885 1522 1008 1575 dein
1045 1523 1186 1575 mole
1233 1540 1329 1574 sua
1366 1539 1601 1591 urguens
1638 1521 1733 1574 ho-

116 1596 252 1646 stem
311 1593 481 1646 multo
541 1593 733 1646 sudore
791 1593 857 1646 ad
912 1596 1244 1662 postremum
1299 1592 1527 1645 navibus
1584 1595 1734 1645 extra
1755 1608 1797 1640 20

117 1663 263 1716 vallu
294 1663 598 1716 mdetrudit.
661 1667 777 1716 tum
803 1664 909 1716 iam
936 1664 1245 1716 cedentibus
1271 1664 1444 1716 acrior
1470 1663 1733 1716 insistens

115 1733 420 1803 Hectorem,
447 1735 539 1803 qui
565 1734 821 1787 advorsus
848 1753 969 1786 eum
994 1738 1276 1803 promptus
1303 1737 1539 1802 steterat,
1567 1734 1733 1786 ictum

116 1805 322 1857 inmani
361 1823 487 1858 saxo
527 1822 586 1858 ac
626 1824 750 1858 mox
789 1808 1190 1858 consternatum
1229 1805 1404 1858 deicit.
1480 1804 1571 1857 sed
1611 1822 1733 1857 eum

115 1879 494 1928 concurrentes
533 1877 767 1945 undique
793 1876 1012 1944 plurimi
1039 1875 1383 1946 multitudine
1410 1894 1506 1928 sua
1530 1878 1732 1928 tectum

115 1945 256 1999 bello
297 1949 456 2015 atque
494 1947 675 1999 Aiacis
713 1947 960 1999 manibus
999 1947 1259 2014 eripiunt,
1306 1946 1731 2014 seminecemque
1754 1960 1797 1995 25

118 2016 261 2069 intra
298 2035 478 2070 muros
516 2017 699 2070 ferunt
750 2018 888 2069 male
935 2034 1192 2085 prospera
1230 2017 1512 2084 eruptione
1551 2015 1733 2068 adver·

117 2105 206 2140 sus
243 2086 425 2140 hostes
463 2105 633 2140 usum.
698 2091 933 2140 ceterum
976 2087 1116 2140 Aiax
1155 2087 1363 2140 saevior
1400 2087 1469 2139 ob
1497 2090 1733 2155 ereptam

117 2174 147 2209 e
185 2158 431 2210 manibus
469 2158 697 2227 gloriam
747 2158 1040 2227 adsumptis
1079 2158 1184 2210 iam
1221 2157 1482 2210 Diomede
1522 2161 1574 2210 et
1612 2176 1734 2210 cum

117 2226 405 2280 Idomeneo
455 2229 620 2280 Aiace
668 2229 836 2281 altero
894 2229 1111 2281 territos
1160 2229 1533 2297 dispersosque
1582 2228 1733 2297 sequi

119 2315 181 2350 ac
228 2297 497 2367 fugientes
542 2317 686 2351 nunc
733 2300 841 2352 telo
900 2300 1107 2352 eminus
1158 2303 1521 2368 prosternere,
1571 2298 1731 2351 modo
1755 2316 1797 2348 30

117 2367 477 2436 adprehensos
516 2370 756 2422 obterere
795 2371 955 2423 armis
980 2388 1198 2439 prorsus
1236 2370 1403 2438 nullo,
1444 2369 1535 2437 qui
1573 2370 1631 2421 in
1670 2387 1732 2422 ea

116 2442 268 2508 parte
304 2439 495 2507 fuerat,
533 2441 752 2493 intacto,
827 2441 969 2494 inter
1007 2459 1141 2510 quae
1181 2444 1291 2492 tam
1328 2439 1538 2508 trepida
1571 2439 1732 2493 Glau-

114 2525 207 2562 cus
242 2508 572 2578 Hippoloc‘hi
611 2509 886 2579 Sarpedon
921 2515 1080 2580 atque
1107 2512 1474 2579 Asteropaeus
1512 2510 1579 2562 ad
1620 2529 1732 2564 mo-

116 2579 342 2632 randum
379 2580 589 2634 hostem
627 2582 897 2651 paulisper
934 2583 1049 2635 ausi
1100 2583 1343 2634 resistere
1382 2599 1506 2634 mox
1548 2581 1731 2634 vulne-

231 2752 255 2792 7
287 2764 314 2791 a
345 2751 632 2806 fugientibus
670 2754 714 2792 V
824 2755 849 2794 8
891 2754 1062 2807 primus
1102 2753 1221 2803 libri,
1273 2753 1523 2794 Perizonius
1561 2753 1730 2806 primos

94 2788 96 2791 ι
123 2808 174 2848 19
205 2807 322 2847 mole
357 2808 392 2848 G
457 2808 669 2851 molestia
700 2810 742 2850 B
802 2810 919 2851 mole
953 2822 1036 2850 sua
1068 2811 1182 2863 quod
1209 2812 1434 2862 proposuit
1474 2809 1726 2858 Obrechtus‚

117 2862 245 2904 habet
287 2863 353 2960 VG
411 2866 466 2906 20
496 2868 612 2918 vulgo
645 2868 796 2918 leyitur
827 2880 855 2907 a
887 2867 1085 2907 nauibus
1116 2872 1267 2906 contra
1299 2866 1429 2907 libros
1522 2868 1575 2906 33
1608 2868 1730 2906 aste·

119 2931 284 2972 ropeus
357 2954 366 2963 .
