1956 3178
230 162 374 199 xvm
841 139 1264 184 PRAEFATIO.

1942 206 1956 271 Ξ

230 265 516 317 mulierum
583 261 787 315 formae
850 279 911 313 ac
972 278 1183 312 morum
1248 259 1618 330 χαρακτῆρες,
1682 263 1878 332 quibus

232 339 425 392 similia
465 335 816 388 deliramenta
855 352 882 386 e
915 332 1240 387 Graecorum
1284 334 1676 389 neotericorum
1695 337 1876 407 nugis
1951 330 1956 387 ἑ

231 412 510 465 ediderunt
546 426 718 478 nuper
755 409 858 460 viri
895 406 1084 460 docti.“

380 484 528 547 Quae
579 501 701 536 cum
749 483 827 534 ita
881 481 1010 550 sint,
1070 499 1183 534 non
1235 481 1501 533 immerito
1547 464 1877 555 mirabimur,
1952 494 1956 499 '

230 559 372 630 quod
422 576 518 627 per
568 557 844 625 complura
899 556 1110 608 saecula
1164 573 1374 607 summa
1427 554 1529 606 fuit
1583 556 1898 613 auctoritas

228 633 460 686 Daretis,
535 630 655 684 Hoc
696 648 825 683 sane
862 629 979 682 fieri
1016 647 1128 681 non
1157 629 1347 697 potuit,
1385 627 1493 680 nisi
1525 628 1600 680 eis
1623 631 1875 698 tempori-

227 708 345 776 bus,
370 707 563 776 quibus
590 704 822 757 Graecae
846 704 1055 755 litterae
1071 703 1229 771 plane
1245 703 1462 771 ignotae
1479 703 1639 772 atque
1653 701 1876 756 Homeri

226 780 655 850 praeclarissima
685 779 923 832 carmina
945 795 1164 845 prorsus
1190 776 1456 836 oblivione
1485 776 1678 828 obruta
1701 779 1869 830 erant.

153 888 157 892 -
227 855 530 908 Accedebat
577 854 682 905 alia
729 871 892 905 causa
939 850 1277 920 gravissima:
1334 868 1462 901 nam
1517 867 1638 902 cum
1683 850 1874 920 reliqui

226 929 476 998 Europae
522 927 709 997 populi
755 929 874 978 tum
923 923 1264 993 Francogalli
1315 942 1346 975 a
1396 922 1558 975 Troia
1609 923 1871 993 originem

228 1022 381 1056 suam
420 1002 686 1054 duxerunt
724 1002 778 1052 et
813 998 1098 1051 historiam
1122 997 1313 1049 Troiae
1353 996 1704 1065 primordium
1745 1015 1871 1051 suae

226 1077 483 1129 historiae
523 1092 638 1128 esse
676 1073 1027 1127 crediderunt.
1073 1070 1260 1139 Itaque
1291 1070 1492 1123 factum
1518 1072 1613 1138 est,
1650 1073 1713 1122 ut
1735 1071 1873 1124 anti-

227 1151 517 1220 quissimus
541 1146 730 1216 liber1)
754 1146 968 1199 Daretis
1005 1145 1064 1197 in
1098 1144 1226 1196 bibl.
1255 1144 1400 1212 publ.
1430 1142 1597 1195 Paris,
1636 1162 1688 1196 n.
1730 1143 1872 1198 7906

225 1225 606 1277 inscriberetur
643 1220 836 1291 „Geste
861 1220 953 1272 des
978 1218 1233 1286 TroyenS‚
1259 1218 1475 1286 explicit
1500 1216 1664 1269 Gesta
1687 1215 1872 1271 Troia-

224 1300 459 1351 norum'’
501 1300 554 1349 et
578 1296 766 1348 deinde
808 1295 1113 1363 sequeretur
1131 1291 1323 1361 „Geste
1363 1291 1454 1343 des
1478 1289 1751 1360 Francais,
1788 1291 1871 1343 in-

226 1373 355 1441 cipit
394 1369 561 1423 Gesta
597 1369 929 1422 Francorum
969 1385 1001 1419 a
1041 1364 1133 1418 Sm·
1169 1364 1487 1434 Gregorio’',
1559 1363 1636 1416 Et
1685 1363 1873 1418 Monte

223 1445 519 1498 Pessulano
591 1446 673 1496 est
742 1442 906 1495 codex
969 1459 1022 1492 n.
1088 1438 1190 1492 158
1252 1438 1543 1506 inscriptus
1599 1437 1874 1507 „Historia

223 1519 439 1572 Daretis
465 1519 529 1570 de
555 1517 773 1587 Origine
797 1515 839 1567 F
841 1515 1167 1567 rancorum’'
1209 1511 1580 1580 compendium
1606 1512 1887 1581 quoddam·

225 1593 525 1662 compendii
563 1589 1035 1660 neglegentissime
1074 1583 1346 1653 factum2),
1388 1585 1487 1637 sub
1527 1585 1680 1638 cuius
1705 1585 1870 1638 finem
1942 1605 1944 1607 ’

225 1668 484 1736 scriptum
529 1668 630 1717 est:
669 1664 774 1733 „Et
809 1662 995 1715 exinde
1036 1661 1186 1730 origo
1218 1658 1547 1712 Francorum
1579 1658 1696 1727 fuit,
1735 1661 1789 1711 et
1811 1676 1872 1712 66
1921 1693 1926 1696 -

223 1741 307 1793 fut
345 1741 398 1792 16
435 1739 679 1808 l⁷origine
718 1738 808 1789 des
847 1735 1163 1804 Francais”.

372 1813 585 1865 Primus
604 1812 692 1881 qui
710 1810 924 1863 Daretis
948 1807 1175 1860 historia
1190 1825 1319 1859 usus
1345 1809 1427 1859 est
1449 1805 1552 1858 fuit
1573 1806 1871 1860 ,Benedic-
1944 1824 1956 1829 ‘

225 1893 320 1941 tus
366 1888 742 1949 Mauramts,
795 1902 923 1935 nam
960 1898 1133 1950 neque
1171 1880 1474 1932 Bernardus
1513 1878 1870 1932 Floriacensis

224 1962 315 2031 qui
356 1979 489 2014 saec.
527 1959 606 2012 XI
652 1975 866 2011 carmen
912 1956 975 2008 de
1015 1954 1217 2007 excidio
1257 1953 1447 2005 Troiae
1484 1953 1726 2005 versibus
1763 1953 1871 2005 leo-

221 2036 366 2087 nmis
424 2034 699 2102 scripsisse
752 2032 920 2084 fertur
932 2028 991 2100 3),
1044 2046 1215 2097 neque
1256 2026 1442 2079 Simon
1496 2044 1657 2094 capra
1706 2040 1878 2078 aurea·

225 2109 334 2160 sive
353 2107 556 2161 Ghevre
574 2107 699 2173 d'or,
713 2106 861 2158 cuius
878 2104 1101 2156 Iliadem
1120 2120 1280 2170 supra
1296 2120 1346 2169 p.
1370 2099 1420 2151 X
1440 2098 1869 2168 commemoravi,

224 2200 345 2234 eum
385 2181 702 2251 cognovisse
741 2179 963 2230 videtur.
1002 2176 1078 2229 At
1116 2175 1179 2227 de
1217 2175 1319 2227 hoc
1358 2175 1518 2242 paulo
1547 2175 1686 2241 post,
1724 2188 1868 2224 nunc

224 2255 622 2308 consideremus
686 2270 776 2304 eos
842 2251 933 2320 qui
986 2251 1173 2319 lingua
1225 2247 1420 2300 Latina
1471 2247 1760 2298 utebantur
1814 2247 1869 2298 et

224 2347 452 2398 quorum
491 2328 648 2380 docta
687 2325 926 2378 carmina
963 2324 1184 2392 propius
1224 2322 1291 2374 ad
1323 2321 1696 2389 antiquitatem
1720 2336 1867 2371 acce.-

221 2403 361 2455 dunt
399 2401 435 2454 J
439 2401 700 2470 osephum
738 2399 989 2451 Iscanum
1029 2401 1080 2449 et
1118 2396 1402 2448 Albertum
1443 2393 1770 2445 Stadensem.

371 2474 666 2543 Iosephus
711 2472 1025 2526 Devenius
1073 2470 1182 2522 sive
1229 2469 1493 2521 Iscanus
1537 2466 1620 2517 vel
1664 2465 1867 2518 Exca-

221 2551 538 2612 ariensis,
576 2550 737 2600 natus
776 2546 835 2597 in
857 2544 1101 2596 Devonia
1131 2559 1266 2612 quae
1298 2541 1510 2592 citerior
1533 2538 1867 2591 Dumnonio-

221 2642 341 2676 rum
395 2623 542 2692 regio
605 2624 708 2688 est,
774 2618 1028 2671 educatus
1089 2616 1238 2668 Iscae
1303 2612 1751 2679 Damnoniorum,
1813 2613 1868 2663 et

225 2697 549 2749 Graecarum
582 2699 635 2747 et
650 2694 1016 2747 Romanarum
1031 2690 1332 2741 litterarum
1354 2685 1640 2738 admodum
1665 2701 1871 2754 gnarus

346 2869 378 2926 1)
411 2869 518 2925 Joly
541 2869 571 2911 1.
596 2868 625 2912 l.
653 2869 696 2911 ΙΙ
722 2871 820 2911 155.
871 2866 904 2922 2)
936 2865 1044 2920 Joly
1067 2864 1096 2907 1.
1122 2863 1153 2906 l.
1178 2863 1220 2906 II
1248 2867 1343 2906 172.
1395 2860 1429 2917 3)
1454 2858 1670 2904 Carmina
1685 2858 1867 2902 burana

221 2943 267 2985 p.
301 2933 358 2972 60
391 2943 491 2984 sqq.
525 2927 591 2982 (in
622 2926 845 2970 Biblioth.
879 2939 969 2970 soc.
1001 2923 1072 2966 lit.
1107 2919 1474 2978 Stutgardiensis
1510 2919 1654 2974 1847).
1858 2954 1861 2958 .
