1956 3178
707 122 1130 170 PRAEFA'rm.
1684 142 1747 180 X1

83 265 136 302 n.
175 248 335 302 2861.
412 221 560 310 Quae
600 246 914 316 ignotorum
955 247 1234 298 auctorum
1266 244 1741 313 interpretationes

93 324 423 393 quantopere
446 321 754 374 hominibus
786 319 930 372 illius
969 318 1228 388 temporis
1252 318 1511 387 probatae
1546 318 1747 371 fuerint

84 396 243 450 facile
282 395 406 447 inde
447 394 837 465 cognoscimus,
877 393 1021 463 quod
1057 393 1222 445 etiam
1246 392 1490 462 sequenti
1528 394 1740 447 saeculo

92 470 304 539 saepius
342 469 599 538 repetitae
640 470 780 520 sunt.

235 542 548 612 Complures
588 541 1058 610 interpretationes
1100 559 1234 594 saec.
1259 540 1433 594 XVI
1419 561 1476 594 111
1510 541 1742 596 Franco-

89 617 254 688 gallia
313 617 485 669 factae
538 618 678 668 sunt.
766 615 830 667 In
890 615 1135 667 Italicam
1189 615 1435 684 linguam
1488 615 1743 669 Daretem

83 692 246 744 vertit
286 691 504 743 Tomaso
542 689 818 742 Porcaccht'
858 689 1016 756 1570,
1055 688 1282 756 Poyyius
1326 690 1482 742 1578.
1545 690 1610 743 In
1645 691 1744 743 lin-

88 782 252 835 guam
326 762 700 816 Germanicam
780 762 1077 815 translatus
1162 766 1243 815 est
1315 781 1411 831 per
1498 765 1747 818 BIarcum

86 839 300 892 Tatium
341 838 619 907 Augustae
655 836 1059 889 Vindelicorum
1102 835 1311 905 15361),
1351 837 1492 890 1556
1529 837 1744 907 Lipsiae

88 913 233 966 1774
280 931 312 964 a
363 911 403 964 I.
458 911 558 964 Ad.
605 910 998 979 HermstadtiQ
1052 913 1324 978 postremo
1364 911 1421 963 in
1460 911 1744 965 Russicam

86 987 237 1040 iussu
273 985 422 1038 Petri
459 984 646 1055 Magni
687 1004 731 1037 a.
776 986 932 1037 1712.

232 1059 349 1112 Iam
387 1077 511 1112 vero
552 1061 738 1112 auctor
775 1059 933 1111 huius
984 1059 1152 1111 libelli
1205 1059 1447 1128 quisquis
1486 1060 1579 1112 1116
1629 1066 1744 1114 erat

87 1134 202 1202 ipse
243 1134 346 1186 sibi
383 1151 583 1186 nomen
620 1132 835 1185 Daretis
861 1131 1085 1202 Phrygii
1126 1132 1318 1185 adiecit
1358 1136 1517 1204 atque
1556 1135 1744 1188 haberi

86 1208 258 1260 voluit
295 1207 341 1260 is
382 1208 473 1276 (1111
513 1207 652 1275 apud
691 1206 987 1259 Homerum
1027 1206 1086 1258 Il.
1111 1205 1177 1274 V,
1218 1207 1250 1258 9
1293 1212 1743 1261 commemoratur

85 1281 338 1334 sacerdos
390 1280 699 1349 Hephaesti.
788 1279 1274 1348 (Commemoratur
1325 1282 1488 1334 etiam
1539 1302 1570 1335 a
1609 1282 1742 1335 Ver-

89 1355 223 1426 gilio
262 1355 320 1407 in
357 1355 593 1407 Aeneide
634 1354 699 1422 V,
739 1355 846 1407 369
889 1373 1002 1424 sqq.
1079 1354 1248 1407 Dares

200 1427 355 1482 Solus
396 1430 487 1498 (1111
524 1428 772 1481 Paridem
814 1430 958 1481 solus
999 1429 1317 1481 contendere
1359 1434 1546 1483 contra

196 1502 447 1572 Idemque
474 1503 539 1555 ad
557 1503 838 1570 tumulum,
864 1522 968 1571 quo
987 1521 1269 1555 maxumus
1295 1504 1520 1556 occubat
1535 1504 1739 1558 Hector

195 1576 472 1629 Victorem
509 1576 686 1628 Buten
726 1577 950 1629 immani
989 1595 1224 1645 corpore3
1267 1578 1358 1646 qui
1399 1596 1454 1630 se

198 1649 460 1718 Bebrycia
498 1651 717 1702 veniens
758 1651 950 1718 Amyci
991 1651 1054 1703 de
1095 1654 1253 1720 gente
1293 1651 1501 1704 ferebat

197 1723 432 1777 Perculit
471 1727 524 1776 et
562 1725 708 1776 fulva
747 1725 1127 1777 moribundum
1167 1725 1405 1777 extendit
1444 1744 1620 1779 arena.

3 1815 6 1818 ’
88 1801 143 1851 et
201 1798 526 1866 lepidissime
602 1799 713 1850 eius
777 1801 830 1850 et
882 1798 1086 1851 Entelli
1142 1801 1413 1851 certamen
1469 1801 1738 1870 singulare

88 1870 441 1942 describitur.)
515 1870 705 1942 Neque
744 1875 926 1925 tamen
966 1891 1087 1925 eum
1126 1872 1351 1925 Homeri
1401 1875 1640 1927 carmina
1681 1893 1741 1928 ac

85 1964 156 1999 ne
194 1946 346 1998 illum
384 1947 562 2015 ipsum
602 1946 814 2015 quidem
854 1948 1030 2000 locum
1054 1947 1250 2015 legisse
1284 1950 1596 2015 statuemuS‚
1637 1967 1742 2018 quo

86 2023 339 2073 narratur
378 2038 484 2090 qua
532 2019 750 2073 fortuna
790 2019 1004 2073 Daretis
1043 2020 1142 2071 filii
1189 2039 1309 2073 cum
1350 2020 1608 2074 Diomede
1647 2041 1743 2091 pu-

83 2094 386 2163 gnaverint.
460 2092 602 2146 Nam
642 2094 971 2146 celeberrimi
1008 2098 1199 2162 poetae
1224 2095 1312 2146 vix
1351 2114 1550 2148 nomen
1589 2098 1741 2150 novit

89 2170 247 2236 atque
300 2170 362 2219 ut
413 2185 476 2218 ex
527 2167 756 2235 epistula
807 2186 942 2236 quae
995 2169 1109 2220 sine
1161 2168 1323 2221 dubio
1377 2170 1615 2222 eiusdem
1662 2175 1744 2223 est

90 2243 326 2309 apparet,
364 2241 599 2292 maxima
638 2259 757 2293 cum
798 2242 1048 2310 superbia
1086 2260 1208 2294 eum
1248 2242 1495 2311 despicit,
1545 2244 1742 2313 quippe

89 2315 181 2383 qui
233 2315 612 2383 superstitione
665 2315 795 2367 adeo
835 2315 1073 2368 imbutus
1112 2315 1294 2384 fuerit,
1350 2320 1412 2368 ut
1451 2318 1577 2370 deos
1619 2336 1743 2371 cum

211 2430 239 2486 ¹)
272 2429 585 2487 VVarhafftige
611 2430 787 2474 Histori
811 2431 907 2474 und
931 2431 1157 2488 besclney
1159 2433 1288 2490 bung
1320 2447 1412 2477 von
1445 2434 1551 2476 dem
1578 2434 1743 2478 Troia-

86 2488 278 2533 nischen
294 2488 452 2546 Krieg,
486 2489 582 2532 und
607 2491 878 2547 zerstorung
895 2489 977 2533 der
995 2490 1099 2534 Stat
1125 2491 1276 2546 Troi0,
1314 2492 1460 2535 durch
1486 2493 1577 2536 den
1601 2493 1742 2537 hoch-

87 2547 319 2604 geachten
350 2526 874 2603 Geschichtschreiber?
894 2549 1065 2605 Dictyn
1098 2549 1365 2594 Cretensem
1391 2551 1485 2594 und
1521 2552 1742 2597 Daretem

86 2605 364 2663 Phrygium,
418 2607 621 2651 Erstlich
653 2607 703 2651 in
735 2607 1058 2652 Grieohischer
1090 2625 1144 2665 sp
1148 2610 1259 2653 rach
1291 2610 1581 2662 beschriben‚
1638 2612 1741 2655 dar-

87 2664 208 2709 nach
239 2643 427 2721 Latein,
481 2666 577 2710 und
619 2666 812 2722 jetzund
857 2667 1055 2711 newlich
1103 2668 1249 2712 durch
1296 2669 1505 2713 Marcum
1554 2670 1742 2714 Tatium

87 2724 174 2768 etc.
214 2724 317 2767 Auss
351 2701 457 2768 dein
487 2725 655 2769 Latein
685 2725 757 2769 ins
806 2726 1007 2770 Teutsch
1054 2727 1361 2782 verwandest,
1417 2730 1620 2773 vormals
1666 2729 1742 2774 nie

87 2782 310 2839 g‚esehen
357 2783 445 2827 mit
485 2783 721 2827 durchauss
763 2785 964 2830 schonen
1004 2785 1206 2842 Figmen
1247 2787 1451 2843 gezieret
1483 2788 1736 2846 Augspurg

95 2840 399 2887 MDXXXVI.
