1956 3178
19 66 42 93 Ἀ

0 1590 8 1629 1

0 1644 8 1703 ,1

755 92 1175 139 PRAEFATIO.
1700 107 1787 148 vn

385 214 574 269 ITEM
611 213 710 268 DE
750 213 957 268 ENEA
993 214 1090 268 ET
1128 213 1530 268 ANTENORE

129 311 185 364 P
281 365 426 435 gitur
473 381 665 416 aeneas
714 381 835 416 cum
875 363 1048 415 adhuc
1089 363 1231 432 apud
1254 364 1450 416 troiam
1487 365 1615 432 post
1664 381 1786 431 pro-

133 439 419 492 fectionem
479 440 722 490 maneret
783 455 1062 509 grecorum
1125 440 1344 490 cunctos
1408 457 1472 490 ex
1535 436 1786 490 archadia

132 516 292 583 atque
332 530 395 565 ex
433 512 678 581 proxima
700 530 872 580 poene
911 512 1091 564 insula
1130 511 1418 564 sollicitare
1444 512 1634 580 coepit.
1660 510 1786 563 adit.

131 590 265 641 orat.
304 587 384 638 uti
424 604 603 639 secum
643 589 956 638 antenorem
996 589 1264 638 exuerent.
1290 589 1343 638 et
1368 604 1424 638 se
1463 587 1522 638 in
1560 603 1787 656 regnum

133 661 232 714 sub
257 661 528 727 limarent3
591 659 667 712 At
720 663 1007 730 postquam
1062 660 1126 711 de
1178 679 1233 712 se
1284 678 1537 729 peruerso
1595 659 1786 712 nuntio

130 738 360 788 antenor
414 734 630 787 audiuit.
685 734 990 804 regrediens
1064 734 1131 786 ad
1192 735 1388 786 troiam
1434 735 1492 787 in
1553 734 1788 803 perfecto

134 809 360 879 negocio
430 808 586 860 facile
648 808 939 861 cohibetur.
1002 811 1056 860 et
1126 809 1400 877 prohibet,
1490 808 1574 860 Ita
1627 826 1788 860 eneas

134 885 350 936 coactus
391 901 512 935 cum
537 883 685 935 omni
708 883 1035 952 patrimonio
1062 884 1234 935 atroia
1256 883 1496 952 nauigat.
1535 882 1789 951 uenitque

132 957 205 1009 vad
242 974 389 1009 mare
430 956 678 1025 atricum3
727 956 925 1010 Multas
966 957 1183 1009 interim
1224 960 1411 1027 gentes
1452 959 1790 1026 praeuentas.

135 1030 214 1083 ibi
268 1049 389 1083 cum
427 1031 513 1083 his
554 1030 644 1099 qui
686 1049 864 1084 secum
905 1036 988 1083 cte.

805 1140 909 1188 octo
948 1153 1121 1188 versus

207 1206 366 1260 Nunc
406 1208 637 1260 reditum
676 1213 984 1262 nostrorum
1022 1227 1242 1262 narrare
1282 1209 1433 1262 libet:

359 1296 457 1349 DE
499 1295 777 1350 REDITU
818 1297 1220 1351 GRECORVM
1257 1299 1308 1350 A
1346 1297 1569 1351 TROIA

131 1370 311 1441 Igitur
346 1373 634 1440 postquam
672 1372 922 1441 inpositis
962 1372 1167 1425 cunctis

619 1447 835 1514 triyz'nta
873 1451 1092 1513 quatuor
1129 1463 1302 1500 versus

135 1536 309 1588 neque
346 1522 531 1571 tamen
568 1520 837 1572 inualidus
877 1521 1072 1573 uirium

199 1593 289 1645 Ex
322 1591 517 1646 PLICIT
549 1593 648 1645 DE
664 1593 943 1646 REDITV
984 1593 1387 1648 GREGORVM
1425 1595 1476 1647 A
1515 1592 1738 1646 TROIA

291 1696 640 1750 Manifestum
682 1701 765 1750 est
804 1699 1215 1766 epitomatorem
1255 1699 1521 1768 quendam
1561 1698 1693 1750 haec
1735 1715 1798 1749 ex

141 1770 336 1840 Dictye
359 1771 411 1823 V
440 1773 504 1824 17
533 1775 587 1824 et
601 1771 680 1824 VI
706 1772 973 1825 addidisse
999 1791 1061 1825 eo
1086 1773 1326 1842 001181110,
1358 1776 1419 1825 111
1434 1773 1799 1825 narrationem

139 1863 280 1916 >quae
318 1845 497 1898 minus
536 1846 775 1914 perfecta
813 1847 1094 1917 videretur,
1135 1847 1204 1899 ad
1240 1848 1404 1899 finem
1452 1847 1777 1916 perduceret.

293 1919 380 1971 Ad
418 1919 561 1973 1111110
599 1921 798 1973 librum
836 1921 1078 1989 proxime
1119 1921 1322 1973 accedit
1345 1922 1411 1985 F,
1450 1940 1562 1974 non
1587 1920 1802 1990 quidem

149 1993 337 2047 statim
376 1994 444 2046 ab
483 1994 661 2063 initio,
718 1994 810 2047 sed
848 1995 958 2047 fele
997 2015 1027 2047 a
1066 1996 1173 2047 fine
1214 1995 1405 2063 capitis
1446 1994 1575 2047 XIX
1612 1995 1703 2063 ita,
1743 1996 1804 2046 ut

152 2067 433 2136 permultis
487 2069 620 2120 10018
642 2069 838 2151 &tiam
893 2070 950 2120 in
1010 2070 1169 2122 rebus
1230 2069 1518 2122 levissimis
1581 2071 1803 2138 uterque

154 2141 472 2194 consentiat.
550 2141 806 2203 Quamvis
848 2146 1027 2195 autem
1065 2162 1177 2196 non
1215 2162 1335 2195 laro
1376 2144 1464 2196 hic
1511 2143 1649 2195 liber
1686 2143 1802 2211 plu-

149 2215 302 2267 rimis
358 2214 735 2268 additamentis
791 2216 942 2269 foede
998 2218 1311 2287 inquinatus
1364 2219 1456 2285 sit,
1510 2220 1693 2269 tamen
1747 2217 1805 2269 in

149 2288 473 2358 quibusdam
513 2290 802 2358 genuinam
843 2292 1074 2359 speciem
1116 2292 1410 2345 servavisse
1435 2310 1556 2344 eum
1583 2293 1806 2359 apparet

149 2366 342 2432 atque
364 2332 545 2415 etiamD
578 2365 677 2416 sub
731 2364 833 2417 hac
871 2365 1046 2418 forma
1084 2366 1418 2435 praestantia
1463 2365 1609 2433 libri,
1664 2364 1805 2416 unde

157 2436 453 2505 descriptus
503 2440 604 2506 est,
659 2440 912 2508 cognosci
957 2443 1149 2508 potest.
1235 2439 1578 2507 Quantopere
1627 2441 1806 2491 autem

158 2513 369 2562 mutata
422 2511 531 2562 sint
583 2513 747 2564 verba
802 2514 1076 2581 scriptoris
1131 2532 1238 2566 uno
1294 2517 1507 2566 tantum
1562 2513 1805 2581 exemplo

163 2583 559 2637 demonstrabo.
620 2585 876 2639 Extrema
900 2606 1024 2655 pars
1051 2607 1164 2656 cap.
1189 2587 1268 2640 IV
1293 2587 1405 2655 (fol.
1431 2585 1516 2656 9b)
1546 2587 1679 2639 haec
1705 2589 1806 2639 est:

304 2658 577 2711 hectorem
607 2660 665 2711 in
703 2661 983 2728 peonicam
1022 2663 1183 2714 misit.
1246 2660 1310 2712 In
1349 2661 1448 2714 Ilio
1474 2663 1658 2730 portas
1682 2660 1810 2712 fecit

155 2731 353 2801 quibus
391 2732 612 2784 nomina
649 2733 782 2786 haec
823 2738 950 2787 sunt
989 2735 1332 2789 antenoridas
1376 2735 1635 2788 dardania
1670 2734 1807 2787 caia-

161 2822 283 2858 scea
320 2805 550 2857 timbrea
580 2807 804 2860 troiana.
880 2808 1124 2878 Denique
1149 2814 1436 2879 postquam
1460 2810 1612 2861 ilium
1635 2808 1809 2860 muni-

156 2881 277 2930 tum
323 2878 457 2932 vidit
504 2882 558 2931 et
602 2898 830 2950 regnum
869 2884 1114 2953 stabiliit,
1161 2887 1373 2953 tempus
1416 2884 1462 2936 ei
1512 2883 1688 2936 visum
1729 2884 1811 2934 est
