1956 3178
1944 116 1956 147 ἐ

286 264 369 333 pis
406 263 728 332 productum
776 261 1051 315 ordinant:
1100 280 1275 330 neque
1322 280 1384 315 ea
1431 281 1463 315 a
1499 262 1746 317 Troianis
1782 281 1897 335 seg-

285 335 407 387 nius
445 334 757 403 agebantur.
819 333 986 402 igitur
1010 333 1102 385 ubi
1139 333 1406 402 utrimque
1443 333 1733 387 instructae
1758 335 1897 388 acies

288 404 573 457 advorsum
609 421 914 472 processere
952 406 1112 471 atque
1150 404 1292 455 intra
1328 403 1423 455 teli
1449 403 1647 456 iactum
1673 408 1895 458 ventum

288 478 382 543 est,
410 474 678 527 cohortati
710 491 834 526 suos
865 473 1089 542 quisque
1109 492 1299 526 manus
1329 477 1619 526 conserunt
1644 475 1703 526 in
1720 475 1895 528 medio

245 560 265 593 5
286 545 474 598 locatis
514 544 782 612 equitibus
809 547 862 596 et
900 545 967 596 ob
1004 543 1060 595 id
1084 544 1269 612 primis
1295 545 1611 614 congressis,
1673 548 1895 614 tumque
1938 551 1941 554 ’

286 616 520 684 primum
567 632 719 684 reges
767 615 939 667 nostri
987 617 1145 682 atque
1193 615 1429 667 hostium
1467 615 1697 668 ascensis
1735 615 1896 668 curri-

285 687 384 738 bus
420 686 621 738 bellum
667 685 858 737 ineunt
910 684 1112 738 adscito
1171 684 1271 737 sibi
1321 686 1545 753 quisque
1592 686 1780 755 auriga
1830 685 1897 738 ad

285 756 548 827 regendos
587 774 768 824 equos,
843 756 934 808 sed
969 755 1172 824 primus
1211 756 1453 807 omnium
1488 755 1776 808 Diomedes
1812 757 1894 808 in-

286 830 470 879 vectus
527 826 877 895 Pyraeclzmen.
931 842 1113 895 regem
1169 825 1443 878 Paeonum
1508 825 1663 878 hasta
1719 825 1898 879 fronte

225 913 266 944 10
288 898 454 950 ictum
490 897 745 949 interficit
756 939 770 965 ,
811 897 934 948 dein
971 899 1199 964 ceterOS,
1240 914 1373 964 quos
1412 897 1479 948 ob
1515 896 1766 949 virtutem
1804 914 1899 948 rex

287 986 466 1020 secum
505 968 788 1036 stipatores
825 967 1084 1019 habuerat
1136 967 1487 1035 conglobatos
1534 967 1676 1019 inter
1723 985 1778 1018 se
1817 970 1893 1019 at-

287 1056 390 1106 que
428 1056 584 1090 ausos
618 1038 862 1090 resistere
909 1037 1106 1105 partim
1142 1037 1249 1089 telo
1287 1037 1491 1088 eminus
1523 1036 1721 1104 fundit,
1761 1037 1894 1089 alios

287 1127 445 1161 curru
491 1126 587 1176 per
633 1108 835 1160 medios
883 1107 1093 1160 concito
1132 1107 1283 1158 humi
1331 1107 1543 1175 opterit.
1619 1107 1744 1159 dein
1779 1106 1898 1159 Ido-

286 1196 506 1231 meneus
545 1177 787 1231 adhibito
827 1178 975 1246 equis
1013 1177 1254 1230 Merione
1289 1178 1588 1229 Acamanta
1633 1176 1899 1229 Thracum

226 1263 267 1296 15
290 1266 470 1318 regem
506 1249 680 1317 deicit,
719 1249 1002 1316 ruentique
1040 1248 1148 1300 telo
1177 1247 1406 1300 occurrit
1441 1250 1599 1315 atque
1636 1247 1713 1299 ita
1736 1247 1898 1300 inter-

286 1320 414 1372 ficit.
498 1319 590 1371 sed
635 1319 728 1371 ubi
772 1318 976 1371 Hector
1032 1318 1163 1370 situs
1211 1318 1268 1369 in
1323 1320 1474 1385 parte
1523 1317 1628 1369 alia
1694 1317 1898 1370 medios

288 1408 506 1442 suorum
552 1389 707 1442 fundi
754 1389 971 1457 accipit,
1027 1387 1297 1456 dispositis
1355 1387 1483 1440 satis
1530 1387 1759 1440 strenuis
1805 1387 1899 1440 ubi

286 1461 564 1530 pugnabat
630 1460 860 1512 accurrit
913 1459 1111 1511 auxilio
1188 1458 1554 1510 laborantibus
1634 1458 1898 1510 Glaucum

291 1548 470 1583 secum
496 1548 556 1582 ac
581 1529 925 1599 Deiphobum
952 1532 1006 1581 et
1029 1528 1418 1596 Polydamanta
1442 1528 1660 1580 habens,
1723 1545 1898 1596 neque

226 1616 267 1648 20
290 1601 534 1668 dubium,
584 1600 717 1669 quin
764 1600 937 1653 deleta
993 1618 1024 1651 a
1070 1598 1353 1667 praedictis
1398 1598 1612 1667 regibus
1670 1615 1733 1650 ea
1775 1616 1898 1666 pars
1954 1630 1956 1635 ·

288 1671 527 1723 hostium
575 1670 740 1739 foret,
788 1671 845 1722 ni
894 1669 1126 1722 adventu
1184 1687 1280 1720 suo
1329 1668 1532 1720 Hector
1575 1671 1896 1736 nostrosque

289 1742 511 1793 ulterius
557 1740 808 1811 progredi
868 1758 927 1792 ac
985 1757 1107 1792 suos
1152 1739 1339 1807 fugere
1399 1737 1739 1791 cohibuisset.
1823 1738 1900 1791 ita

292 1811 482 1864 Graeci
536 1811 796 1880 prohibiti
853 1810 1008 1863 caede
1062 1809 1392 1878 reliquorum
1437 1826 1678 1876 represso
1727 1807 1895 1878 gradu
1950 1871 1952 1873 Ι

291 1882 575 1934 advorsum
613 1899 729 1949 eos,
769 1882 861 1949 qui
899 1882 1340 1949 supervenerant,
1380 1879 1681 1931 constitere.

227 1966 269 1998 25
434 1952 501 2005 V.
576 1953 656 2004 Ac
693 1970 818 2003 mox
865 1951 1082 2020 cognito
1130 1967 1226 2018 per
1262 1949 1570 2001 universum
1609 1949 1898 2002 exercitum

291 2023 497 2091 proelio
548 2023 605 2074 in
654 2041 714 2074 ea
770 2025 922 2090 parte
979 2020 1171 2088 reliqui
1219 2020 1376 2071 duces
1423 2019 1749 2071 confirmatis
1803 2019 1895 2071 ubi
1952 2043 1956 2065 :

293 2092 517 2161 quisque
554 2095 892 2161 pugnaverat
915 2091 1150 2160 undique
1190 2108 1251 2142 eo
1291 2089 1582 2142 confluunt.
1647 2089 1900 2141 densatur

292 2162 561 2230 utrimque
609 2162 747 2214 acies
799 2165 852 2214 et
895 2161 1161 2230 proelium
1209 2162 1525 2212 renovatum
1563 2162 1659 2211 est.
1732 2159 1901 2229 igitur

292 2232 495 2284 Hector
543 2232 636 2284 ubi
671 2232 931 2300 plurimos
981 2250 1198 2284 suorum
1246 2229 1427 2282 adesse
1466 2232 1519 2282 et
1556 2229 1685 2282 satis
1721 2232 1900 2282 tutum
1953 2264 1956 2299 3

228 2317 270 2349 30
293 2321 348 2355 se
396 2302 688 2372 intellegit,
735 2302 880 2354 tollit
926 2301 1150 2354 animos,
1235 2300 1358 2352 dein
1415 2300 1645 2352 clamore
1700 2315 1898 2369 magno

294 2373 536 2441 singulos
584 2390 802 2425 suorum
848 2371 1066 2423 nomine
1112 2370 1385 2439 appellans
1442 2369 1794 2422 confidentius
1841 2369 1901 2422 in

293 2443 503 2496 hostem
528 2460 768 2512 pugnare
794 2441 1067 2494 hortatur:
1107 2458 1167 2493 ac
1201 2457 1513 2510 progressus
1549 2438 1692 2491 intra
1730 2438 1899 2491 aciem
1951 2475 1956 2479 <

293 2513 496 2565 Dioren
537 2516 590 2565 et
626 2512 957 2581 Polyxenum
995 2510 1148 2563 Alios
1199 2510 1327 2562 satis
1378 2509 1604 2578 impigre
1651 2525 1897 2578 pugnan-

292 2586 373 2635 tes
422 2583 682 2635 vulnerat.
769 2586 823 2635 at
870 2581 961 2634 ubi
1007 2599 1128 2632 eum
1177 2579 1414 2632 Achilles
1465 2579 1541 2630 ita
1586 2579 1644 2630 in
1688 2578 1900 2631 hostem
1952 2632 1956 2636 ,

285 137 356 190 54
800 135 1018 180 DchYs
1051 136 1387 180 CRETEN'srs

407 2755 432 2794 9
456 2753 732 2806 pyrhechum
760 2753 794 2794 G
834 2752 1077 2806 pyrathum
1093 2751 1135 2790 B
1155 2751 1402 2802 iampridem
1429 2762 1542 2790 corr.
1562 2747 1568 2802 Ι
1588 2749 1801 2802 peanium
1819 2746 1899 2788 ΕΒ

294 2810 538 2862 paeonium
569 2810 609 2849 P
664 2809 895 2850 Paeonum
924 2809 1109 2849 restituit
1130 2807 1358 2849 Mercerus
1448 2807 1500 2846 14
1530 2804 1789 2858 Agamanta
1819 2802 1899 2844 GB

293 2867 348 2962 {g
379 2865 639 2974 ῗῃοέἑὶὲἑῐιεὸῒίι
679 2865 757 2906 GB
835 2863 1111 2907 confirmatis
1164 2864 1431 2904 coniecerunt
1483 2861 1689 2902 Bartfeius
1745 2859 1900 2912 aliique
