1956 3178
1579 80 1690 119 XIII

203 194 257 250 V
305 194 434 250 Cod.
482 192 925 247 Vratislaviensis
974 191 1054 244 IV
1104 190 1150 254 Q
1204 191 1273 244 47
1330 191 1690 245 bibliothecae

63 266 429 323 universitatis
486 265 789 318 litterarum
843 279 980 316 saec.
1038 261 1174 315 XIII
1220 261 1456 330 mutilus,
1505 262 1694 315 insunt

66 340 247 392 autem
281 336 416 390 haec
453 355 506 405 p.
549 336 640 403 19,
684 334 749 387 18
795 334 956 403 primi
994 364 1063 371 —
1100 352 1151 402 p.
1191 334 1287 402 51,
1331 333 1397 384 14
1443 334 1693 386 mandata

65 407 247 477 efficit,
289 426 341 477 p.
383 407 465 476 70,
503 406 573 458 22
609 404 938 474 reliquisque
976 436 1045 443 —
1081 421 1132 472 Ρ.
1171 403 1265 472 93,
1322 404 1386 456 16
1425 404 1490 456 ad
1528 422 1691 457 naves

64 477 307 547 redeunt,
344 497 397 547 p.
441 476 558 544 104,
597 476 630 529 8
667 475 784 528 fore
822 475 903 527 uti
929 505 998 513 —
1023 494 1074 543 p.
1118 474 1235 542 107,
1263 474 1332 527 23
1369 477 1691 543 tempestate

65 549 238 618 multi,
275 567 330 618 Ρ.
374 547 501 616 112,
550 547 621 599 30
658 545 808 599 Ulixi
845 563 1013 614 usque
1064 545 1130 597 ad
1166 545 1346 597 finem.
1423 544 1598 598 Multa
1634 547 1692 598 in

66 620 172 674 hoc
218 635 434 689 quoque
479 620 608 671 sunt
655 620 887 685 mutata,
926 616 1033 668 alia
1079 616 1300 668 liberius
1357 616 1464 668 alia
1511 617 1690 670 minus

66 691 248 744 libere.
321 688 483 742 Hunc
520 688 717 741 librum
755 688 870 757 ipse
909 686 1131 754 contuli,
1171 687 1301 740 item

207 760 251 813 P
291 759 420 814 God.
459 759 870 812 Berolinensem
909 757 1038 810 Msc.
1090 757 1181 809 lat.
1235 759 1406 809 octav.
1460 759 1523 810 71
1580 758 1692 810 fere

69 831 304 886 eiusdem
341 834 519 883 notae.
594 829 660 882 In
697 832 928 899 utroque
966 828 1105 880 libro
1144 828 1398 880 nonnulli
1436 828 1559 896 loci,
1600 829 1692 898 qui

68 902 249 971 aliquo
288 901 421 954 vitio
459 901 858 959 laboraverunt,
898 899 1036 952 bene
1075 899 1302 952 correcti
1330 903 1471 967 sunt,
1510 900 1692 968 plures

67 972 347 1043 ingeniose
395 971 614 1039 mutati,
665 971 758 1040 qui
805 988 901 1039 per
947 988 1001 1023 se
1041 970 1171 1022 boni
1209 971 1541 1023 correctione
1580 989 1693 1023 non

69 1043 315 1114 egebant.
354 1042 499 1095 haud
535 1060 707 1111 pauca
734 1059 869 1110 quae
897 1041 955 1093 in
982 1040 1309 1093 editionibus
1341 1041 1695 1094 inveniuntur

69 1131 134 1169 ex
169 1113 274 1167 hoc
309 1113 462 1167 fonte
500 1113 797 1178 fluxerunt,
851 1130 987 1180 quae
1025 1115 1207 1164 tamen
1245 1112 1453 1164 auctori
1491 1112 1694 1164 abiudi-

70 1184 240 1238 canda
277 1201 389 1237 esse
427 1201 742 1252 persuasum
778 1182 969 1235 habeo.

212 1253 389 1308 Semel
426 1254 512 1306 vel
559 1255 642 1306 bis
690 1253 859 1306 adieci
896 1252 1155 1305 lectiones
1203 1251 1318 1305 cod.
1361 1253 1689 1322 Argentora-

67 1325 234 1379 tensis
243 1367 258 1394 ,
298 1342 405 1394 quo
444 1323 744 1377 Obrechtus
781 1342 908 1376 usus
945 1323 1144 1375 multos
1181 1323 1328 1375 locos
1367 1323 1691 1390 emendavit,

68 1395 337 1450 rarissime
384 1395 642 1448 lectiones
691 1395 804 1448 cod.
846 1393 1212 1463 Sangallensis
1262 1394 1518 1463 oppidani
1556 1413 1690 1447 saec.

68 1465 199 1532 XV,
254 1484 367 1519 non
424 1466 552 1518 satis
605 1468 849 1518 accurate
915 1469 974 1517 ut
1020 1464 1232 1517 videtur
1287 1483 1318 1516 a
1367 1465 1477 1517 Ioa.
1536 1464 1692 1534 Oasp.

67 1536 273 1591 'Orellio
313 1536 496 1590 collati
534 1537 692 1605 (quas
730 1535 1062 1589 Dederichus
1100 1535 1160 1587 in
1197 1535 1432 1587 editione
1471 1554 1567 1588 sua
1604 1554 1693 1588 ex-

70 1607 260 1675 hibet),
298 1625 367 1660 ne
403 1606 815 1659 fundamentum
852 1608 1030 1658 textus
1068 1605 1297 1658 fideliter
1333 1605 1572 1674 positum
1609 1606 1694 1658 his

71 1677 265 1732 additis
302 1678 631 1730 destruerem
669 1678 851 1746 potius
890 1695 1053 1746 quam
1090 1676 1376 1728 firmarem.

211 1748 327 1802 Nec
383 1748 670 1801 defuerunt
723 1748 858 1800 mihi
916 1746 1177 1800 editiones
1235 1747 1494 1816 optimae,
1557 1765 1694 1816 quae

72 1821 256 1872 tamen
292 1837 406 1872 non
431 1818 718 1871 admodum
754 1819 897 1871 inter
934 1836 989 1870 se
1017 1817 1298 1870 differunt:
1337 1821 1551 1886 praeter
1588 1818 1696 1870 edi-

72 1890 279 1943 tionem
295 1890 596 1958 principem
625 1890 758 1958 (una
778 1888 1035 1943 Coloniae
1068 1889 1205 1940 1470
1229 1887 1315 1940 vel
1345 1889 1498 1956 1475,
1525 1888 1696 1941 altera

73 1958 368 2014 Mediolani
404 1960 537 2012 1477
568 1959 792 2031 prodiit)
833 1958 1158 2028 aliquotiens
1185 1958 1492 2026 editionem,
1533 1977 1694 2027 quam

72 2030 188 2100 ipse
224 2030 487 2100 possideO,
528 2031 786 2099 optimam
824 2029 1242 2083 commemoravi
1280 2047 1415 2098 quae
1448 2028 1694 2082 Venetiis
1757 2091 1760 2094 Δ

73 2119 122 2154 a.
173 2101 309 2154 1499
363 2101 591 2170 prodiit,
649 2118 895 2152 excusam
953 2117 1016 2151 ex
1073 2099 1307 2152 editione
1357 2099 1567 2152 Veneta
1616 2118 1694 2168 ea,

74 2189 211 2240 quae
251 2171 388 2224 1486
437 2189 469 2222 a
505 2170 788 2223 Francisco
827 2169 1131 2239 Faragonio
1179 2173 1362 2222 curata
1413 2174 1516 2222 est:
1555 2170 1696 2223 hano

39 2241 316 2310 *sequitur
363 2240 527 2293 editio
578 2259 712 2310 quae
752 2240 994 2293 Basileae
1049 2259 1096 2293 a.
1152 2241 1286 2293 1529
1331 2241 1363 2293 8
1414 2240 1696 2303 Cratandri

72 2312 217 2381 typis
232 2329 425 2364 excusa
438 2311 793 2364 Cratandrina
803 2311 1119 2380 appellatur.
1149 2310 1252 2364 Sed
1271 2312 1433 2381 longe
1455 2312 1696 2364 omnium

73 2382 518 2452 praestantinima
555 2384 634 2434 est
671 2400 734 2434 ea
769 2401 927 2451 quam
962 2381 1131 2434 Iosias
1160 2381 1451 2435 Mercerius
1475 2382 1695 2435 Parisiis

78 2453 214 2506 1618
256 2453 321 2505 12
358 2453 417 2504 in
455 2451 672 2505 officina
706 2452 930 2505 Roberti
966 2452 1228 2521 Stephani
1267 2452 1455 2520 edidit3
1498 2453 1696 2505 etenim

77 2539 199 2576 cum
235 2540 403 2591 usque
451 2522 519 2575 ad
564 2523 698 2575 illud
744 2527 955 2592 tempus
994 2523 1223 2591 scriptor
1268 2523 1380 2575 fere
1418 2523 1695 2592 neglectus

77 2595 239 2662 esset,
286 2592 577 2646 Mercerius
634 2593 862 2646 duorum
919 2594 1239 2662 scriptorum
1296 2593 1538 2646 codicum
1594 2612 1695 2662 ope

74 2661 268 2731 fretUS,
318 2667 380 2716 ut
423 2664 536 2730 ipse
571 2667 756 2717 narrat
792 2665 850 2716 in
896 2665 1255 2732 praefatione,
1303 2682 1423 2716 eum
1460 2664 1697 2716 restituit

40 2760 47 2805 j
78 2736 134 2786 et
169 2734 236 2786 ab
273 2733 567 2787 innumeris
595 2735 802 2787 mendis
840 2735 1103 2787 liberavit.
1167 2733 1350 2803 Digna
1387 2753 1522 2803 quae
1555 2752 1695 2787 com-

76 2807 403 2857 memoretur
440 2808 521 2857 est
545 2804 708 2858 editio
738 2805 1008 2872 Obrechti,
1049 2823 1210 2873 quam
1235 2807 1442 2858 curavit
1480 2804 1695 2858 Samuel
