1956 3178
621 109 808 152 BELLI
836 108 1089 153 TROIANI
1118 108 1236 151 Lm.
1265 108 1343 152 VI.
1698 108 1794 161 111

325 234 474 288 XIII.
549 234 774 287 Interim
812 233 1025 287 Orestes
1072 233 1361 287 adveniens
1398 251 1511 286 rem
1550 236 1798 287 cunctam

186 306 480 374 cognoscit,
517 305 767 358 hortatur
791 303 1113 373 Menelaum,
1152 308 1214 357 ut
1249 305 1463 374 incepta
1498 308 1796 374 perageret,

185 377 299 446 ipse
339 376 525 428 dolens
561 378 901 444 praereptum
939 375 1041 427 sibi
1087 393 1119 427 a
1154 374 1514 443 Neoptolemo
1552 374 1798 428 Hermio-

185 466 287 501 nae
323 445 723 499 matrimonium
759 444 979 498 insidias
1014 445 1322 498 advenienti
1358 463 1546 514 parare
1585 445 1796 514 occipit.

186 518 366 586 itaque
411 517 584 586 primo
642 533 707 568 ex
762 515 872 585 his,
931 532 1065 584 quos
1124 534 1304 568 secum
1359 515 1594 569 habebat
1638 535 1798 585 quam
1821 533 1842 566 5

185 587 485 655 fidissimos,
525 585 857 655 speculatum
904 587 966 639 de
1015 587 1248 639 adventu
1291 586 1638 656 Neoptolemi
1674 586 1799 640 Del-

185 658 323 728 phos
359 657 541 709 mittit.
617 657 735 725 quis
774 657 1006 727 cognitis
1033 656 1309 710 Menelaus
1347 658 1516 710 vitare
1555 658 1795 711 huiusce·

184 726 330 781 modi
376 726 586 779 facinus
638 727 858 795 cupiens
907 726 1155 795 Spartam
1213 727 1472 780 concedit.
1561 727 1655 780 sed
1700 728 1797 797 illi,

185 797 278 867 qui
312 797 593 866 praemissi
631 800 809 866 erant,
847 798 1076 867 regressi
1112 797 1531 866 Neoptolemum
1569 798 1797 868 Delphis

185 886 298 921 esse
334 871 552 938 negant.
629 886 791 936 quare
838 871 1052 921 coactus
1092 867 1308 921 Orestes
1355 869 1470 938 ipse
1519 869 1585 921 ad
1622 869 1796 938 inqui·
1822 888 1865 920 ιο

185 938 435 992 sitionem
473 938 577 990 viri
613 938 886 1007 profectus
933 939 1038 991 alio
1078 958 1239 1008 quam
1286 940 1422 992 ierat
1459 939 1542 992 die
1580 944 1798 1008 remeat,

183 1011 245 1061 ut
281 1026 454 1061 sermo
481 1007 763 1062 hominum
788 1009 1075 1078 ferebatur,
1112 1010 1333 1080 negotio
1358 1010 1616 1079 perfectO.
1675 1010 1800 1064 dein

184 1084 308 1149 post
344 1097 542 1147 paucos
581 1079 691 1132 dies
729 1079 874 1132 fama
910 1080 1178 1148 perfertur
1224 1081 1471 1133 interisse
1507 1080 1799 1149 Neoptole-

182 1168 355 1202 mum:
395 1167 621 1218 eumque
660 1168 904 1203 sermone
944 1151 1185 1203 omnium
1211 1152 1634 1204 circumventum
1672 1152 1798 1204 insi—

185 1219 284 1272 diis
324 1219 527 1272 Orestis
564 1239 661 1289 per
696 1221 956 1290 populum
984 1221 1378 1274 dissemiuatur.
1454 1222 1532 1274 ita
1568 1222 1796 1291 iuvenis,
1822 1239 1863 1272 15

182 1291 278 1343 ubi
325 1290 388 1342 de
427 1290 635 1359 Pyrrho
683 1292 862 1360 palam
910 1295 1013 1359 est,
1052 1296 1266 1360 recepta
1301 1292 1622 1361 Hermiona,
1662 1311 1798 1361 quae

185 1361 286 1414 sibi
323 1363 482 1414 antea
519 1361 783 1430 desponsa
820 1365 947 1430 erat,
975 1362 1229 1431 Mycenas
1268 1362 1505 1416 discedit.
1581 1364 1798 1416 interim

183 1430 375 1485 Peleus
413 1449 533 1484 cum
571 1432 796 1485 Thetide
835 1434 1053 1503 cognito
1091 1434 1306 1502 nepotis
1354 1434 1578 1486 interitu
1616 1434 1682 1487 ad
1719 1435 1798 1486 in-

183 1503 318 1555 vesti
359 1502 595 1555 ationem
666 1503 779 1555 eius
840 1503 1070 1571 profecti
1141 1508 1477 1574 cognoscunt
1547 1505 1797 1557 iuvenem

185 1571 325 1640 Delp
368 1573 413 1624 is
460 1573 744 1641 sepultum.
820 1574 919 1642 ibi,
972 1580 1032 1626 ut
1077 1593 1194 1626 mos
1233 1578 1372 1643 erat,
1421 1576 1563 1627 iusta
1599 1575 1798 1644 persol-
1821 1594 1863 1625 20

185 1646 320 1696 vunt
359 1647 800 1712 cognoscuntque
839 1644 896 1696 in
925 1644 1009 1696 his
1047 1644 1182 1697 locis
1219 1645 1482 1713 interisse,
1522 1645 1615 1698 ubi
1652 1647 1798 1699 visus

189 1712 404 1766 Orestes
441 1714 754 1783 negabatur.
840 1733 902 1767 ea
947 1733 1030 1767 res
1076 1733 1173 1783 per
1208 1716 1472 1784 populum
1508 1716 1653 1768 haud
1690 1735 1798 1769 cre-

186 1783 322 1851 dita,
373 1783 504 1836 adeo
542 1788 885 1853 praesumpta
931 1789 1055 1838 ante
1100 1786 1208 1838 iam
1258 1787 1441 1854 opinio
1491 1786 1554 1839 de
1594 1786 1798 1839 Orestis

184 1854 391 1907 insidiis
430 1858 743 1908 cunctorum
781 1856 973 1908 animis
1011 1856 1330 1909 inhaeserat.
1394 1860 1627 1910 ceterum
1662 1857 1798 1909 The-

183 1925 254 1978 tis
301 1925 394 1978 ubi
437 1924 791 1978 Hermionam
841 1926 1016 1979 Oresti
1073 1927 1311 1979 iunctam
1358 1927 1529 1995 videt,
1586 1927 1796 1980 Andro·
1819 1942 1862 1976 25

185 1995 427 2048 macham
474 1999 634 2064 partu
692 1997 964 2065 gravidam
1016 2015 1080 2049 ex
1124 1996 1483 2065 Neoptolemo
1532 1997 1798 2051 Molossos

184 2065 352 2118 mittit
418 2066 599 2118 dolum
657 2065 859 2119 Orestis
918 2068 1136 2136 eiusque
1192 2068 1437 2137 coniugis
1494 2067 1558 2120 de
1614 2068 1798 2121 interi-

184 2135 378 2188 mendo
415 2135 531 2188 fetu
569 2137 792 2189 evitans,

326 2205 474 2259 XIV.
538 2206 641 2258 Per
677 2207 816 2259 idem
853 2211 1063 2276 tempus
1101 2206 1287 2260 Ulixes
1333 2208 1552 2261 territus
1598 2209 1797 2261 crebris

185 2276 424 2345 auguriis
462 2277 789 2346 somniisque
828 2277 1061 2330 adversis
1110 2297 1294 2331 omnes
1339 2279 1575 2348 undique
1622 2280 1795 2349 regio-
1817 2296 1860 2330 30

185 2346 271 2398 nis
310 2347 422 2398 eius
460 2347 847 2416 interpretandi
885 2349 1094 2402 somnia
1130 2349 1483 2417 peritissimos
1522 2349 1795 2402 conducit:

186 2416 376 2486 hisque
413 2417 580 2470 refert
628 2419 769 2471 inter
815 2423 989 2472 cetera
1025 2420 1199 2472 visum
1249 2420 1351 2471 sibi
1389 2420 1599 2487 saepius
1637 2420 1796 2472 simu-

167 2486 389 2544 lacrum
428 2488 694 2556 quoddam
732 2489 873 2541 inter
897 2489 1186 2542 humanum
1215 2490 1560 2558 divinumque
1587 2490 1796 2542 vultum

185 2556 388 2610 formae
447 2559 825 2626 perlaudabilis
881 2578 943 2612 ex
1001 2560 1186 2613 eodem
1242 2560 1361 2612 loco
1417 2563 1636 2628 repente
1685 2560 1795 2613 edi:

187 2628 330 2695 quod
368 2629 651 2697 complecti
689 2649 895 2683 summo
946 2631 1204 2683 desiderio
1254 2630 1490 2698 cupienti
1527 2631 1630 2683 sibi
1675 2650 1796 2699 por-
1818 2643 1860 2678 3⁵

299 2842 353 2880 22
384 2854 432 2881 re
467 2842 502 2882 G
531 2855 604 2883 res
636 2843 676 2883 B
791 2846 845 2885 23
877 2848 1028 2884 oreste
1055 2844 1089 2884 G
1119 2844 1284 2884 orestis
1314 2843 1355 2883 B
1473 2846 1526 2885 27
1557 2848 1736 2886 orestae
1762 2845 1796 2885 G

187 2894 365 2938 Orestis
395 2898 437 2937 P
558 2901 612 2940 30
642 2901 847 2953 auguriis
879 2913 955 2940 om.
992 2900 1027 2940 G
1057 2901 1181 2941 habet
1210 2899 1266 2940 B.
