1956 3178
325 238 659 302 Cornelius
703 242 915 323 Nepos
963 239 1265 301 Sallustio
1315 239 1544 322 Crispo

716 361 829 401 suo
876 338 1158 401 salutem.

260 451 394 506 Cum
434 455 604 507 multa
643 472 746 524 ago
785 453 1018 507 Athenis
1058 454 1284 522 curiose,
1325 454 1505 506 inveni
1544 454 1758 507 histori-

110 545 197 578 am
237 525 452 580 Daretis
492 527 714 598 Phrygii
752 528 919 597 ipsius
951 546 1115 580 manu
1155 528 1432 597 scriptam,
1472 532 1532 580 ut
1569 529 1758 582 titulus

109 599 331 670 indicat,
371 619 531 671 quam
563 602 627 654 de
657 601 874 655 Graecis
914 605 967 654 et
990 601 1237 654 Troianis
1277 602 1566 655 memoriae
1606 621 1757 656 man-

111 673 269 727 davit.
333 693 494 744 quam
534 693 633 746 ego
681 694 890 728 summo
931 693 1112 728 amore
1160 676 1449 743 conplexus
1501 677 1757 730 continuo

108 749 374 801 transtuli.
438 749 523 802 cui
558 749 695 801 nihil
735 749 1071 802 adiciendum
1106 749 1190 801 vel
1230 749 1633 802 diminuendam
1682 751 1759 803 rei
1782 770 1804 803 5

110 821 473 874 reformandae
498 840 658 876 causa
695 823 902 891 putavi,
942 822 1182 892 alioquin
1210 840 1330 874 mea
1361 827 1546 891 posset
1574 824 1758 877 videri.

109 895 370 963 optimum
402 913 529 966 ergo
563 896 687 949 duxi
719 897 796 949 ita
826 900 887 948 ut
917 895 1021 948 fuit
1050 914 1171 948 vere
1208 899 1262 948 et
1294 896 1608 965 simpliciter
1639 916 1757 966 per-

109 969 328 1038 scripta,
372 970 446 1023 sic
489 987 608 1023 eam
652 971 718 1023 ad
756 971 978 1023 verbum
1020 970 1078 1022 in
1124 970 1451 1023 latinitatem
1489 974 1757 1024 transver-

106 1047 240 1112 tere,
298 1047 358 1096 ut
403 1044 643 1114 legentes
695 1061 1015 1114 cognoscere
1063 1047 1307 1113 possent,
1357 1045 1624 1114 quomodo
1671 1064 1756 1098 res

108 1120 291 1186 gestae
337 1122 537 1170 essent:
593 1121 774 1171 utrum
820 1136 1004 1170 verum
1050 1118 1224 1187 magis
1272 1135 1387 1171 esse
1435 1119 1757 1188 existiment,
1783 1140 1824 1172 ιο

109 1190 251 1260 quod
275 1189 445 1244 Dares
470 1191 737 1262 Phrygius
769 1192 1056 1244 memoriae
1089 1191 1506 1261 commendavit,
1539 1193 1631 1262 qui
1661 1211 1758 1262 per

107 1264 162 1316 id
193 1264 370 1332 ipsum
401 1270 614 1335 tempus
646 1266 779 1318 vixit
810 1269 865 1318 et
893 1266 1167 1334 militavit,
1198 1283 1316 1319 cum
1349 1265 1538 1319 Graeci
1571 1266 1755 1319 Troia-

106 1356 206 1391 nos
239 1339 637 1409 obpugnarent,
677 1358 815 1392 anne
847 1339 1084 1392 Homero
1117 1339 1461 1409 credendum,
1503 1341 1594 1410 qui
1629 1343 1756 1409 post

107 1412 305 1466 multos
330 1431 501 1467 annos
524 1417 684 1466 natus
717 1416 820 1482 est,
853 1432 1013 1484 quam
1044 1414 1244 1466 bellum
1276 1413 1378 1466 hoc
1412 1418 1625 1484 gestum
1658 1418 1753 1467 est.

107 1486 170 1538 de
204 1505 312 1559 qua
332 1505 389 1540 re
413 1487 643 1540 Athenis
667 1487 922 1540 iudicium
945 1487 1068 1556 fuit,
1100 1506 1222 1540 cum
1245 1505 1344 1556 pro
1373 1488 1566 1541 insano
1590 1488 1753 1541 habe-
1782 1508 1823 1541 15

107 1563 274 1628 retur,
300 1561 443 1631 quod
467 1561 594 1614 deos
619 1580 739 1614 cum
762 1562 1072 1614 hominibus
1096 1562 1440 1631 belligerasse
1466 1562 1753 1631 scripserit.

107 1634 198 1686 sed
237 1635 495 1688 hactenus
533 1636 664 1688 ista:
711 1653 854 1688 nunc
894 1635 960 1688 ad
999 1635 1298 1704 pollicitum
1336 1639 1679 1689 revertamur.

225 1780 454 1825 INCIPIT
483 1779 807 1826 PROLOGUS
839 1779 1099 1825 DARETIS
1130 1780 1319 1825 FRIGII
1350 1781 1429 1824 ET
1462 1780 1752 1826 HISTORIA

106 1840 163 1884 (10
195 1841 457 1884 uastatione
483 1840 648 1885 Troiae
672 1841 713 1884 A
745 1839 947 1884 cornelio
979 1842 1149 1896 nepote
1180 1840 1230 1883 in
1260 1840 1461 1884 latinum
1493 1854 1752 1885 sermonem

104 1899 334 1944 translata.
366 1900 428 1943 M
455 1898 681 1943 INCIPIT
711 1898 1035 1944 PROLOGUS
1059 1898 1351 1943 CORNELII
1382 1899 1449 1943 IN
1480 1899 1749 1944 HISTORI-

106 1957 196 2001 AM
228 1957 485 2003 TROIANI
515 1958 694 2003 BELLI
727 1958 769 2002 G

225 2017 418 2062 salustio
454 2017 565 2062 MG
625 2031 708 2062 suo
740 2031 823 2061 om.
858 2017 900 2062 G
929 2021 933 2072 l
962 2020 1033 2061 sat
1068 2017 1130 2061 M

228 2082 249 2119 1
284 2075 406 2120 Dum
446 2091 506 2121 m.
540 2077 636 2121 ath.
678 2089 769 2121 cur.
815 2089 1002 2134 agerem
1035 2076 1076 2120 G
1198 2081 1223 2119 2
1270 2075 1398 2133 frigii
1438 2076 1547 2120 libri
1585 2076 1752 2133 ubique

107 2140 132 2178 3
165 2134 627 2190 quam—mandauit
658 2147 740 2179 om.
776 2135 837 2178 M
955 2141 980 2178 5
1014 2134 1105 2191 cui]
1141 2149 1246 2178 cum
1278 2135 1321 2179 G
1348 2137 1353 2190 Ι
1381 2135 1449 2179 1·οἱ
1479 2135 1752 2179 formandae

107 2206 246 2237 causa
292 2194 355 2237 M
420 2207 515 2239 esse
555 2193 840 2239 ordinandae
871 2193 938 2237 rei
971 2194 1013 2237 G
1086 2194 1408 2239 reformandae
1455 2194 1752 2247 Dederichus‚

107 2258 132 2296 6
157 2251 340 2309 possint
362 2251 404 2297 G
517 2258 540 2297 7
566 2253 632 2310 et]
658 2255 712 2297 ut
730 2253 791 2296 M
816 2253 822 2309 Ι
851 2252 1083 2310 scriptura
1099 2252 1142 2298 G
1254 2258 1281 2298 8
1306 2254 1670 2297 transuerterem
1694 2254 1756 2296 M

105 2312 420 2356 transuertere
462 2311 511 2355 D
571 2313 754 2356 uertere
787 2311 829 2356 G
959 2317 1012 2355 10
1053 2314 1208 2356 essent
1238 2314 1400 2370 gestae
1433 2311 1475 2356 G
1504 2314 1508 2367 Ι
1535 2326 1580 2355 u.
1612 2327 1655 2356 v.
1688 2326 1750 2355 m.

107 2372 168 2424 (u.
193 2385 253 2414 m.
278 2385 321 2414 v.
346 2369 471 2426 DF)
503 2384 541 2415 0.
573 2384 642 2415 ex.
667 2383 751 2415 om.
779 2371 842 2414 M
899 2370 1256 2415 existimandum
1291 2371 1353 2415 sit
1392 2370 1437 2413 V
1462 2372 1568 2426 sort.
1593 2373 1751 2415 utrum

104 2428 256 2486 magis
280 2443 393 2474 uera
414 2429 726 2474 existimanda
749 2431 904 2474 essent
927 2443 1047 2486 quae
1163 2435 1215 2474 11
1243 2443 1359 2487 quas
1387 2430 1448 2473 M
1473 2431 1479 2485 1
1506 2429 1753 2474 mandauit

105 2488 355 2533 memoriae
380 2488 423 2532 G
530 2493 583 2532 12
611 2488 661 2533 id
684 2501 768 2533 om.
796 2489 857 2532 M
865 2488 907 2532 G
930 2490 1061 2533 habet
1084 2488 1187 2532 AD
1215 2491 1220 2545 1
1249 2491 1297 2533 et
1319 2488 1546 2532 militauit
1569 2501 1651 2532 om.
1682 2488 1746 2545 G!

107 2547 217 2590 dum
259 2547 321 2591 M
386 2561 477 2604 quo
518 2547 561 2592 G
627 2561 710 2592 nos
748 2554 853 2591 011111
881 2551 886 2603 Ι
913 2547 1178 2604 troianique
1213 2549 1481 2605 pugnarent
1512 2547 1564 2592 Gv
1696 2553 1749 2591 13

106 2606 238 2649 Anne
264 2605 306 2650 G
337 2619 397 2650 an
419 2606 470 2650 D
527 2605 720 2658 Minime
749 2607 808 2650 M
833 2610 838 2662 Ι
867 2607 1147 2651 credendum
1179 2609 1251 2651 est
1282 2606 1324 2651 G
1446 2611 1502 2650 14
1533 2619 1749 2663 quam—

107 2666 179 2708 est
208 2676 292 2708 om.
326 2665 389 2708 M
422 2667 429 2720 Ι
462 2664 508 2709 11.
538 2665 584 2710 b.
616 2665 794 2710 factum
825 2668 897 2710 cst
927 2665 1159 2710 neminem
1199 2665 1414 2709 dubitare
1450 2666 1670 2721 putamus
1711 2664 1756 2708 V

110 2726 163 2766 15
196 2723 253 2767 de
292 2736 387 2780 qua
423 2737 474 2768 re
511 2723 621 2768 DF
676 2723 887 2781 Denique
921 2725 984 2768 ΙΙ
1040 2725 1102 2768 Et
1143 2724 1255 2780 quia
1287 2723 1329 2768 G
1356 2727 1362 2779 Ι
1389 2723 1614 2768 iudicium
1637 2723 1748 2781 fuit]

107 2781 282 2839 iugiter
318 2780 410 2826 fuit
439 2782 614 2827 mentio
647 2781 691 2826 V
714 2786 721 2839 Ι
747 2782 973 2828 Homerus
1000 2784 1106 2827 add.
1131 2783 1180 2826 D
1198 2787 1305 2839 post
1328 2797 1434 2828 011111
1462 2785 1467 2839 Ι
1494 2795 1640 2840 prope
1664 2795 1750 2839 pro

106 2853 279 2898 magno
313 2840 356 2884 G
481 2846 535 2885 16
574 2841 701 2886 bella
738 2842 936 2898 gessisse
967 2842 1015 2886 D
1050 2846 1056 2896 Ι
1092 2841 1365 2886 discriberet
1398 2842 1460 2885 M
1581 2846 1634 2885 17
1668 2841 1750 2885 sed

106 2911 190 2943 om.
217 2899 280 2943 M
302 2901 309 2955 Ι
337 2900 551 2944 aeternus
584 2899 625 2943 G
653 2901 660 2956 Ι
686 2899 756 2944 ita
790 2901 850 2944 M
858 2900 901 2945 G
959 2900 1053 2944 ista
1085 2900 1141 2943 H
1162 2900 1168 2957 Ι
1195 2902 1406 2945 reuertar
1438 2900 1494 2944 G.

195 2980 331 3014 DAnns
355 2981 572 3014 Pmurmvs.
1458 2979 1479 3017 1
