1956 3178
428 139 506 183 DE
539 137 787 183 EXCIDIO
820 137 1044 183 TROIAE
1078 135 1382 181 HISTORIA.
1658 135 1723 186 11

0 317 4 330 ζ
79 277 191 313 rem
223 260 281 313 in
314 260 640 329 superiorem
676 258 969 328 Phrygiam
999 258 1170 325 misit,
1210 260 1271 309 ut
1306 256 1595 310 exercitum
1633 274 1726 325 pa-

78 337 222 387 raret
262 335 339 400 [et
375 334 453 387 ita
490 336 710 402 paratus
742 334 862 399 est].
925 330 1230 386 Cassandra
1259 333 1548 401 postquam
1580 330 1727 382 audi-

78 408 156 460 vit
215 407 385 477 patris
447 406 751 474 consilium,
814 406 985 459 dicere
1041 405 1215 475 coepit
1286 421 1422 475 quae
1480 403 1726 457 Troianis

78 482 259 534 futura
313 484 515 550 essent,
571 480 616 533 si
669 479 915 533 Priamus
969 482 1333 549 perseveraret
1386 479 1611 531 classem
1669 478 1727 530 in

79 554 359 608 Graeciam
398 555 623 608 mittere.
850 596 862 602 -
1750 565 1772 598 5

226 628 318 682 ΙΧ.
379 627 592 682 Interea
618 631 830 696 tempus
864 627 1194 696 supervenit:
1219 644 1382 679 naves
1420 626 1726 679 aedificatae

79 706 226 770 sunt,
275 702 473 755 milites
513 705 956 770 supervenerunt,
996 718 1130 771 quos
1169 700 1475 753 Alexander
1510 703 1564 752 et
1601 698 1726 752 Dei-

76 776 287 845 phobus
326 776 384 829 in
415 774 652 828 Paeonia
682 775 970 844 elegerant.
1028 778 1082 827 et
1120 774 1213 826 ubi
1244 774 1418 827 visum
1458 777 1541 826 est
1578 774 1726 826 navi-

78 851 197 920 gari
222 866 403 919 posse,
435 848 682 902 Priamus
707 848 997 901 exercitum
1023 847 1334 917 alloquitur,
1358 847 1725 900 Alexandrum

76 924 451 992 imperatorem
488 922 742 976 exercitui
773 922 1036 991 praeficit,
1067 921 1237 974 mittit
1260 939 1380 974 cum
1405 939 1467 974 eo
1492 920 1726 990 Deipho·
1751 935 1793 967 10

79 997 208 1049 bum
231 996 455 1049 Aenean
479 995 925 1066 Polydamantem
948 996 1282 1065 imperatque
1310 995 1633 1064 Alexandro,
1665 998 1727 1047 ut

75 1070 309 1139 primum
341 1069 590 1139 Spartam
624 1069 861 1138 accedat,
901 1068 1180 1123 Castorem
1212 1072 1266 1121 et
1297 1068 1570 1122 Pollucem
1602 1086 1726 1122 con-

73 1143 258 1196 veniat
291 1146 346 1196 et
384 1144 451 1195 ab
490 1143 575 1196 his
613 1146 784 1211 petat,
823 1146 885 1194 ut
902 1142 1155 1196 Hesiona
1194 1160 1345 1195 soror
1381 1142 1635 1195 reddatur
1673 1146 1727 1195 et

77 1217 208 1269 satis
241 1215 490 1270 Troianis
521 1215 637 1269 fiat:
679 1215 821 1286 quod
853 1216 899 1268 si
929 1219 1241 1285 negassent,
1281 1216 1536 1268 continuo
1570 1215 1637 1268 ad
1670 1233 1726 1269 se

75 1290 327 1343 nuntium
373 1290 581 1358 mittat,
642 1293 703 1342 ut
764 1289 1053 1342 exercitum
1106 1289 1279 1358 possit
1332 1289 1391 1341 in
1445 1287 1725 1342 Graeciam
1750 1303 1793 1335 15

76 1364 302 1416 mittere.
377 1367 502 1433 post
538 1363 670 1416 haec
702 1363 1007 1416 Alexander
1040 1363 1098 1415 in
1130 1361 1411 1416 Graeciam
1449 1364 1727 1433 navigavit

76 1437 305 1491 adducto
354 1455 532 1491 secum
572 1437 703 1491 duce
743 1455 828 1506 eo,
879 1437 971 1507 qui
1010 1455 1130 1490 cum
1168 1437 1445 1490 Antenore
1484 1439 1593 1490 iam
1631 1456 1724 1490 na-

75 1511 355 1581 vigaverat.
430 1529 542 1564 non
580 1511 779 1564 multos
820 1515 944 1564 ante
985 1510 1096 1564 dies
1134 1529 1295 1580 quam
1326 1511 1632 1564 Alexander
1668 1512 1725 1564 in

75 1583 355 1638 Graeciam
393 1585 690 1655 navigavit,
734 1588 788 1637 et
819 1589 1109 1654 antequam
1141 1585 1374 1638 insulam
1405 1583 1726 1654 Cytheream

77 1659 371 1727 accederet,
408 1657 684 1712 Menelaus
726 1659 793 1711 ad
830 1657 1117 1712 Nestorem
1156 1658 1349 1728 Pylum
1383 1659 1724 1728 proficiscens
1748 1673 1792 1704 20

75 1732 403 1786 Alexandro
435 1732 493 1785 in
546 1732 737 1786 itinere
789 1733 1018 1786 occurrit
1063 1736 1117 1786 et
1162 1733 1459 1786 mirabatur
1498 1733 1725 1787 classem

75 1806 279 1876 regiam
320 1823 426 1876 quo
465 1806 722 1859 tenderet.
782 1807 995 1876 utrique
1028 1810 1364 1860 occurrentes
1402 1811 1726 1876 aspexerunt

77 1898 132 1932 se
170 1880 398 1933 invicem
437 1879 593 1933 inscii
626 1898 731 1950 quo
771 1881 996 1950 quisque
1034 1881 1150 1933 iret.
1213 1879 1405 1934 Castor
1444 1885 1499 1933 et
1532 1880 1726 1934 Pollux

76 1954 143 2006 ad
190 1952 600 2022 Clytemestram
655 1954 828 2007 ierant
883 1972 1061 2007 secum
1107 1953 1457 2008 Hermionam
1506 1958 1724 2024 neptem

195 2148 220 2187 2
254 2146 302 2187 et
343 2143 412 2188 ita
445 2145 640 2200 paratus
680 2146 752 2188 est
782 2143 828 2188 B
860 2157 942 2188 om.
977 2156 1070 2188 non
1107 2144 1222 2188 male
1262 2143 1306 2188 V
1361 2145 1578 2203 paratus]
1618 2160 1723 2203 pro-

74 2201 223 2246 fectus
265 2202 327 2246 M
359 2204 364 2258 Ι
392 2203 515 2247 esset
554 2201 597 2246 G
717 2207 742 2247 3
781 2202 930 2260 patris
971 2202 1215 2248 consilium
1258 2216 1340 2248 om.
1382 2203 1425 2248 G
1545 2209 1574 2248 4
1618 2219 1721 2261 per-

75 2262 337 2306 seuerasset
368 2261 432 2306 M
549 2265 574 2305 6
599 2261 762 2319 naues]
789 2261 960 2307 classes
987 2262 1030 2307 G
1150 2267 1176 2308 8
1201 2262 1406 2320 phoenia
1432 2263 1495 2307 M
1551 2264 1724 2320 peonia

76 2318 118 2364 G
146 2321 150 2374 Ι
179 2319 403 2378 nauigare
443 2319 574 2374 libri,
612 2320 831 2378 nauigari
867 2320 1148 2366 Dederichus
1279 2327 1334 2367 10
1373 2322 1603 2367 exercitus
1643 2323 1686 2367 G
1713 2323 1718 2381 Ι

75 2378 301 2434 praefecit
333 2379 395 2423 M
402 2378 445 2423 G
505 2379 716 2435 praeficit
744 2380 790 2423 B
915 2386 964 2425 11
991 2380 1135 2437 polid.
1164 2381 1227 2424 M
1234 2380 1276 2425 G
1304 2383 1308 2436 Ι
1337 2383 1461 2425 ut—
1479 2383 1614 2439 petat
1637 2395 1721 2426 om.

76 2437 200 2491 libri,
225 2437 330 2483 add.
349 2439 453 2483 edit.
481 2437 630 2483 Venet.
652 2444 765 2484 1499
806 2451 897 2495 pro
920 2440 991 2484 his
1006 2453 1172 2498 rogare
1188 2439 1239 2484 D
1332 2445 1385 2484 13
1411 2453 1539 2485 soror
1563 2440 1662 2486 eius
1680 2440 1724 2486 G

78 2501 132 2540 15
158 2496 386 2542 exereitus
409 2511 456 2554 p.
480 2497 529 2541 in
554 2512 621 2556 gr.
646 2498 776 2543 mitti
800 2498 842 2543 G
959 2503 1010 2543 17
1035 2499 1131 2543 iam
1155 2498 1381 2556 nauigare
1405 2499 1587 2544 sciebat
1611 2500 1673 2543 M
1680 2499 1724 2545 G

75 2559 116 2598 et
161 2567 310 2601 omnes
349 2556 443 2611 fere
481 2557 610 2613 libri,
658 2557 787 2615 prius
834 2557 1126 2616 nauigabant
1164 2557 1210 2602 R
1279 2558 1375 2602 iam
1423 2551 1552 2614 prius
1590 2559 1723 2603 naui·

74 2616 272 2671 gaucrat
295 2615 399 2660 edit.
435 2614 584 2660 Venet.
614 2621 727 2661 1499
852 2622 906 2662 19
930 2617 979 2661 in
997 2621 1101 2662 ante
1125 2617 1326 2661 insulam
1344 2617 1450 2661 add.
1468 2617 1686 2663 editiones
1713 2618 1719 2676 Ι

75 2672 301 2728 cyteriam
323 2673 386 2718 M
442 2673 698 2720 citheream
731 2675 774 2720 G
835 2676 1104 2731 cytheream
1142 2676 1192 2720 D
1230 2680 1271 2720 et
1308 2677 1375 2720 sic
1413 2676 1544 2731 infra
1665 2681 1721 2722 20

77 2731 350 2776 accederent
389 2732 452 2777 M
483 2736 488 2788 Ι
522 2733 642 2791 prof.
681 2734 830 2791 pilum
863 2734 906 2779 G
1027 2740 1082 2779 22
1122 2734 1371 2779 tenderent
1410 2734 1453 2779 G
1575 2740 1630 2780 23
1671 2750 1720 2781 se

74 2847 157 2877 om.
192 2834 255 2878 M
279 2837 284 2891 Ι
311 2834 466 2893 inscii]
505 2835 554 2880 in
589 2836 651 2880 M
768 2842 825 2882 24
856 2837 1187 2883 clitemestrem
1229 2837 1270 2883 G
1331 2805 1722 2909 classemtemeiiii-

76 2919 150 2950 sra
184 2907 246 2951 M
269 2910 275 2963 l
302 2908 593 2953 hei-moniam
626 2910 666 2954 G
696 2914 699 2966 ξ
729 2913 915 2967 neptem
950 2903 1086 2956 suam*
1113 2910 1319 2956 Helenae
1352 2925 1434 2956 om.
1471 2912 1541 2955 M.
