1956 3178
547 668 749 731 Index
790 670 1120 732 nominum
1169 681 1229 732 et
1272 692 1503 734 rerum.

857 795 973 829 Liber
997 798 1034 829 et
1059 799 1185 836 caput.

215 923 404 977 Abydus
436 924 475 965 V
508 926 559 965 16

215 979 414 1022 Acamas
453 981 681 1021 Thracum
719 992 821 1031 rex,
868 979 983 1021 Eus-

244 1037 337 1078 sori
358 1035 478 1078 filius
505 1037 552 1078 II
573 1038 627 1078 35
659 1035 717 1076 ab
738 1035 982 1078 Idomeneo

241 1091 516 1133 interficitur
544 1093 615 1134 III
643 1094 671 1133 4

215 1148 415 1189 Acamas
453 1152 498 1189 et
535 1148 838 1202 Demophoon
875 1148 898 1189 Ι
933 1149 986 1188 14

243 1205 382 1246 Troia
402 1208 539 1258 capta
560 1204 781 1246 Aethram
811 1207 857 1245 et
879 1202 986 1255 Cly-

243 1273 426 1301 menam
464 1261 722 1302 habuerunt
753 1262 794 1302 V
825 1262 876 1302 13
923 1259 979 1300 ab

242 1316 605 1359 Atheniensibus
634 1330 725 1359 non
750 1316 980 1370 recipiun-

244 1376 317 1413 tur
348 1373 411 1414 VI
440 1375 465 1413 2

213 1428 478 1469 Acarnania
507 1429 529 1469 I
563 1429 614 1470 17

211 1484 409 1526 Acastus
439 1484 631 1526 Peleum
668 1496 811 1537 regno
843 1496 985 1537 expu-

241 1540 298 1581 lit
327 1541 391 1582 VI
414 1542 438 1582 7
478 1541 579 1582 eius
608 1540 694 1581 filii
724 1540 788 1582 VI
809 1542 835 1582 8
864 1541 982 1581 Neo-

241 1596 442 1650 ptolemo
474 1609 664 1650 regnum
686 1596 878 1638 reddere
902 1595 974 1637 de·

243 1655 323 1694 bet
352 1653 416 1695 VI
445 1655 471 1695 9

212 1708 392 1750 Achaia
429 1710 458 1749 i.
491 1723 532 1762 q.
573 1707 769 1749 Graecia
806 1709 981 1760 Proloy.

212 1764 419 1806 Achilles
450 1763 571 1805 filius
591 1764 724 1805 Pelei
754 1766 800 1804 et
822 1764 983 1804 Theti-

241 1820 312 1862 dis
341 1821 365 1861 Ι
389 1822 442 1861 14
492 1833 548 1861 ex
586 1820 835 1874 Pelasgico
874 1820 896 1860 1
929 1821 979 1860 17

241 1877 428 1917 navium
458 1876 724 1929 praefectus
762 1875 984 1928 deligitur

240 1933 264 1974 Ι
282 1933 334 1973 16
349 1931 616 1986 praeclarus
627 1933 797 1974 virtute
814 1932 861 1973 11
878 1933 980 1973 3.12

240 1988 512 2042 Iphigeniae
543 1987 845 2030 immolationi
866 1988 980 2028 resi-

243 2045 327 2085 stit
354 2046 378 2086 I
399 2046 452 2086 22
490 2046 707 2086 irascitur
742 2044 982 2098 Agamem-

243 2101 355 2142 noni
436 2100 779 2154 expeditionem
852 2112 981 2142 recu—

243 2156 387 2207 santi,
427 2155 486 2196 ab
518 2155 656 2198 Ulixe
695 2157 745 2196 in
784 2156 982 2210 gratiam

241 2212 474 2253 reducitur
492 2211 540 2252 ΙΙ
556 2213 581 2253 9
609 2211 862 2265 Telephum
883 2211 981 2252 vul-

243 2271 377 2309 nerat
397 2266 444 2309 11
465 2269 491 2309 3
523 2270 685 2320 postea
707 2271 838 2309 curat
857 2268 904 2308 11
928 2269 979 2308 10

243 2336 399 2365 curam
443 2322 556 2364 belli
598 2323 810 2364 Troianis
860 2323 978 2363 infe-

240 2379 373 2420 rendi
401 2378 544 2421 habet
564 2379 610 2420 11
631 2381 657 2420 9
679 2378 883 2431 Cycnum
912 2380 979 2419 in-

239 2435 409 2477 terficit
430 2435 478 2476 11
497 2437 548 2476 12
570 2436 800 2488 proximas
811 2435 978 2475 Troiae

240 2491 461 2534 civitates
491 2494 722 2545 expugnat
755 2494 802 2532 et
820 2494 979 2532 vastat

239 2548 287 2589 ΙΙ
319 2549 370 2588 16
414 2547 697 2599 Astynomen
740 2546 978 2600 Hippoda-

239 2604 377 2644 miam
400 2607 447 2644 et
468 2602 768 2644 Diomedeam
790 2602 981 2644 abducit

242 2663 288 2700 et
298 2659 388 2699 sibi
405 2660 573 2701 retinet
589 2660 638 2700 11
650 2661 716 2703 17.
730 2661 780 2701 19
791 2657 979 2712 Agame-

238 2727 450 2756 mnonem
479 2719 526 2757 et
554 2714 818 2757 Menelaum
845 2714 981 2755 vehe-

238 2771 520 2813 mentissime
536 2771 773 2824 impugnat
789 2770 913 2813 1129.
926 2771 978 2811 31

243 2826 345 2867 eius
376 2827 448 2867 ira
471 2827 527 2868 ob
550 2827 787 2880 abreptam
806 2826 981 2880 Hippo-

240 2880 439 2923 damiam
469 2882 516 2923 ΙΙ
536 2884 589 2924 33
640 2894 846 2925 seorsum
884 2894 982 2922 ma-

1097 928 1175 966 net
1194 925 1242 966 11
1262 926 1315 966 36
1337 925 1531 966 insidias
1553 927 1688 967 struit
1706 939 1838 968 exer-

1098 981 1214 1021 citui
1242 981 1290 1021 11
1317 983 1371 1023 37
1417 981 1592 1035 legatio
1631 981 1832 1025 Graeco·

1097 1049 1195 1077 rum
1226 1035 1286 1077 ad
1317 1049 1420 1078 eum
1454 1038 1502 1080 ΙΙ
1529 1039 1584 1080 48
1634 1039 1836 1081 flectitur

1097 1093 1169 1132 ira
1206 1093 1252 1134 11
1280 1094 1333 1134 52
1390 1093 1623 1144 Polyxena
1679 1107 1830 1138 amore

1100 1149 1283 1201 capitur
1319 1149 1389 1190 III
1417 1151 1442 1190 2
1508 1149 1834 1202 Pylaemenem

1100 1204 1274 1245 occidit
1303 1204 1375 1245 111
1406 1207 1431 1246 5
1463 1205 1682 1248 Hectoris
1713 1206 1834 1248 auri·

1095 1273 1200 1313 gam
1230 1259 1459 1312 interficit,
1494 1261 1661 1304 multos
1691 1262 1834 1304 duces

1098 1316 1249 1357 fundit
1292 1315 1542 1359 Hectorem
1586 1321 1634 1358 in
1673 1318 1832 1372 fugam

1097 1373 1238 1413 vertit
1267 1372 1383 1414 1116
1423 1373 1480 1414 ab
1521 1373 1699 1416 Heleno
1738 1373 1836 1417 vul-

1096 1432 1284 1470 neratur
1311 1428 1383 1470 III
1410 1430 1436 1469 6
1479 1429 1686 1472 Patrocli
1722 1443 1836 1473 mor-

1097 1488 1191 1524 tem
1221 1484 1352 1538 luget
1386 1484 1459 1526 111
1489 1487 1539 1525 11
1585 1486 1836 1528 Hectorem

1100 1553 1155 1581 ex
1184 1540 1367 1582 insidiis
1397 1539 1620 1583 interficit
1642 1542 1832 1595 eiusque

1097 1608 1262 1649 corpus
1313 1597 1634 1639 circumtrahit
1679 1597 1752 1640 111
1781 1599 1833 1640 15

1095 1653 1302 1705 praemia
1334 1654 1635 1695 certaminum
1671 1654 1721 1695 in
1754 1653 1834 1695 ho-

1095 1721 1251 1750 norem
1270 1707 1477 1750 Patrocli
1497 1708 1735 1750 distribuit
1764 1713 1835 1750 at-

1097 1776 1185 1816 que
1218 1763 1339 1806 dona
1361 1764 1492 1806 offert
1523 1764 1594 1807 111
1615 1767 1667 1807 19
1698 1765 1833 1806 Pria-

1096 1833 1167 1861 mo
1198 1820 1397 1873 supplici
1428 1833 1592 1874 corpus
1629 1820 1712 1862 filii
1741 1825 1835 1862 tra·

1097 1876 1163 1916 dit
1193 1876 1264 1917 111
1283 1878 1338 1918 25
1367 1876 1708 1918 Penthesileam
1737 1876 1833 1919 vul-

1096 1935 1231 1973 nerat
1260 1932 1326 1973 IV
1355 1934 1381 1973 3
1424 1933 1709 1974 Memnonem
1751 1932 1834 1974 ob·

1096 1991 1283 2028 truncat
1319 1988 1385 2030 IV
1413 1989 1438 2028 6
1497 1987 1833 2042 Asteropaeum

1095 2045 1161 2085 IV
1191 2046 1215 2084 7
1247 2045 1512 2096 Lycaonem
1552 2048 1598 2085 et
1629 2044 1833 2085 Troilum

1095 2098 1296 2153 iugulari
1325 2100 1456 2140 iubet
1484 2099 1550 2140 IV
1578 2102 1604 2141 9
1635 2099 1693 2140 ab
1723 2099 1832 2142 Ale-

1095 2155 1270 2197 xandro
1301 2154 1578 2197 interficitur
1597 2156 1662 2198 IV
1679 2157 1729 2197 11
1763 2155 1832 2197 fu-

1096 2224 1182 2252 nus
1213 2211 1406 2253 Achillis
1439 2211 1502 2252 1v
1524 2213 1576 2253 13
1606 2224 1699 2253 una
1730 2223 1833 2253 cum

1093 2267 1312 2309 Patroclo
1350 2268 1399 2307 in
1429 2267 1568 2321 Sigeo
1607 2267 1833 2321 sepelitur

1063 2379 1284 2420 Admetus
1321 2382 1456 2432 pater
1485 2378 1668 2420 Eumeli
1701 2380 1830 2421 vica-

1093 2437 1162 2475 ria
1193 2438 1338 2476 morte
1371 2435 1580 2488 coniugis
1605 2434 1706 2475 fata
1725 2447 1832 2488 pro-

1093 2491 1193 2544 pria
1222 2490 1479 2544 protulerat
1509 2490 1534 2530 I
1565 2491 1617 2530 14

1064 2546 1292 2588 Adrastus
1349 2546 1552 2599 Meropis
1600 2544 1721 2587 filius
1774 2558 1831 2587 ex

1092 2601 1306 2643 Adrestia
1335 2601 1384 2643 11
1412 2602 1466 2642 35

1065 2657 1280 2699 Adrestia
1312 2657 1359 2698 11
1389 2658 1443 2698 35

1066 2713 1222 2754 Aeaea
1252 2712 1404 2753 insula
1436 2711 1591 2754 Circes
1622 2711 1687 2753 VI
1719 2713 1772 2754 15

1065 2768 1317 2810 Aeantides
1346 2767 1466 2809 filius
1496 2768 1648 2809 Aiacis
1690 2767 1833 2830 Tela:

1095 2825 1238 2865 monii
1269 2828 1315 2866 et
1349 2824 1553 2865 Glaucae
1585 2825 1627 2867 V
1657 2825 1708 2865 16

1066 2881 1300 2934 Aegaeum
1329 2893 1454 2921 mare
1485 2880 1548 2922 VI
1581 2881 1602 2919 1
