1956 3178
1650 65 1657 75 ἲ
1674 58 1678 62 ·
1695 63 1701 67 .
1738 63 1743 66 «
1775 59 1807 73 ’,μ

165 213 241 251 XL
782 193 1202 240 PRAEFATIO.

170 316 302 370 haec
343 314 444 387 <IV
460 316 577 385 29):
616 316 846 368 troicum
882 316 1143 383 palatium
1182 334 1348 368 unum
1371 316 1492 384 plus
1523 315 1688 369 habet
1709 315 1834 369 auri·

173 393 228 442 et
266 391 475 460 argenti
515 408 678 459 quarn
718 407 969 459 graecum
1007 390 1306 459 imperium.

320 513 384 547 ex
420 494 637 547 Heroid.
675 493 833 546 XVII
873 494 940 546 87

246 582 386 636 Orbe
426 601 636 652 quoque
674 583 732 634 in
771 600 988 634 mensae
1029 583 1137 652 legi
1177 582 1274 635 sub
1314 579 1532 634 nomine
1577 559 1780 653 nostro,

321 656 475 718 Quod
516 657 742 709 deducta
780 674 927 709 mero
968 657 1150 708 littera
1189 656 1316 708 fecit
1354 655 1523 708 ΑΜΟ.

169 760 300 813 haec
347 757 448 830 (IV
491 758 602 830 11):
649 759 952 812 Alexander
990 759 1144 812 Faria
1185 760 1451 812 scribebat
1489 739 1660 812 rutro
1699 760 1825 814 vino

169 834 228 885 in
252 835 373 886 albo
399 835 626 903 sudarm,
666 837 719 886 et
742 834 819 885 ita
842 834 1181 902 loquebatur:
1220 832 1429 886 Helena
1453 831 1665 904 regina,
1703 852 1827 887 ama

172 926 271 976 me,
312 909 502 960 amabo
542 911 608 960 te.

320 1015 383 1048 ex
423 995 606 1048 Servio
647 996 738 1064 (ad
776 996 936 1066 Verg.
975 976 1110 1048 Aen.
1134 995 1189 1046 Π
1215 996 1308 1065 81)
1350 997 1516 1048 salem
1556 997 1819 1050 seminare
1944 1000 1956 1068 ζ

172 1068 247 1138 (V
294 1071 330 1121 4
377 1069 427 1120 X
467 1070 523 1137 6)
583 1072 740 1138 atque
790 1088 852 1121 ex
899 1069 1084 1121 eodem
1131 1069 1222 1137 (ad
1268 1069 1322 1121 H
1369 1070 1501 1138 241)
1547 1071 1836 1139 „novimus
1942 1074 1956 1123 ’ζ

171 1142 384 1211 integro
442 1143 681 1211 sepulcro
736 1143 1136 1211 LaomedontiS‚
1198 1143 1340 1212 quod
1395 1162 1554 1212 super
1610 1146 1826 1212 portam

173 1213 393 1268 Scaeam
443 1217 640 1283 fuerat,
690 1220 809 1269 tuta
859 1217 1022 1269 fuisse
1070 1217 1185 1268 fata
1234 1216 1517 1270 Troiana“:
1572 1217 1628 1270 id
1684 1218 1827 1288 quod
1939 1257 1956 1280 ·,

171 1289 399 1358 legimus
446 1290 548 1358 (VI
601 1291 696 1359 44)
759 1292 1012 1361 quamdiu
1062 1294 1171 1343 stat
1215 1291 1350 1360 lapis
1397 1310 1626 1363 magnus
1667 1307 1827 1363 super
1954 1363 1956 1365 ι

172 1366 386 1429 portam
413 1406 422 1415 .
450 1406 460 1416 .
487 1407 497 1417 .
526 1421 535 1430 ,
614 1365 775 1418 Troia
814 1366 1107 1435 expugnari
1145 1383 1256 1418 non
1293 1368 1486 1444 potest.

319 1450 603 1504 Praeterea
642 1454 757 1505 rixa
795 1454 935 1505 inter
958 1453 1171 1506 Ulixem
1197 1456 1250 1505 et
1272 1454 1491 1507 Aiacem
1516 1456 1580 1507 de
1596 1452 1822 1510 Achillis
1897 1512 1902 1515 ,

174 1524 336 1576 armis
394 1529 576 1578 exorta
625 1545 737 1579 non
790 1528 1057 1579 immerito
1107 1546 1227 1579 cum
1282 1528 1466 1581 eadem
1521 1528 1698 1583 Ovidii
1737 1531 1824 1583 de-

172 1598 460 1666 scriptione
486 1597 641 1669 (XIII
670 1602 846 1654 1—38
856 1600 908 1670 1)
934 1601 1164 1654 conferri
1187 1604 1379 1670 potest.
1455 1602 1630 1656 Multa
1652 1604 1817 1657 etiam

172 1669 360 1739 Dictys
410 1676 463 1724 et
507 1672 722 1726 Daretis
778 1676 1263 1728 commonefaciunt
1317 1675 1406 1743 (cf.
1459 1675 1514 1728 II
1559 1678 1595 1728 4
1641 1676 1726 1730 Di.
1749 1696 1823 1746 p.

174 1745 260 1806 68,
304 1746 372 1796 14
397 1777 467 1783 —
492 1746 571 1798 IV
611 1747 680 1799 53
721 1747 806 1799 Di.
844 1767 894 1816 p.
937 1750 981 1816 7,
1022 1750 1093 1801 30
1119 1781 1187 1786 —-
1213 1748 1404 1801 VIII5
1443 1749 1527 1802 Di.
1565 1769 1615 1819 p.
1640 1751 1727 1816 37,
1755 1751 1819 1803 11

172 1848 243 1854 ——
282 1817 415 1870 VIII
459 1821 523 1872 18
566 1820 649 1872 Di.
688 1840 737 1888 p.
777 1822 864 1888 49,
905 1823 937 1874 6
964 1853 1036 1858 —
1061 1822 1195 1874 VIII
1234 1824 1301 1874 31
1345 1821 1443 1875 Da.
1481 1842 1531 1891 p.
1570 1824 1657 1891 25,
1696 1823 1820 1877 5-

169 1889 248 1942 IX
299 1893 363 1943 19
412 1891 511 1944 Da.
562 1913 612 1961 p.
652 1895 745 1962 28,
792 1896 863 1946 24
905 1926 974 1932 —
1014 1895 1091 1946 XI
1129 1897 1196 1947 31
1240 1895 1339 1947 Da.
1377 1915 1426 1964 p.
1466 1898 1559 1965 51,
1603 1897 1685 1966 15,
1724 1901 1822 1952 etc.

171 1963 274 2016 Sed
330 1967 472 2034 quod
534 1969 703 2020 multo
759 1969 1055 2020 mirabilius
1119 1973 1200 2021 est
1262 1972 1420 2038 atque
1481 1973 1622 2022 recte
1683 1971 1817 2024 vidit

170 2037 422 2107 Koehler‚
477 2058 587 2092 non
633 2060 804 2109 pauca
844 2043 1005 2094 etiam
1046 2061 1166 2094 cum
1205 2043 1437 2094 carmine
1477 2042 1710 2096 Conradi
1748 2044 1813 2096 de

169 2110 503 2181 Virceburgo
544 2116 908 2182 consentiunt3
957 2134 1084 2167 nam
1122 2116 1353 2183 primum
1394 2119 1453 2170 ut
1485 2117 1646 2169 etiam
1679 2118 1820 2186 apud

169 2183 618 2238 Malkaraumium
661 2191 713 2239 et
751 2189 807 2239 in
847 2188 1211 2257 Trojumanna
1237 2188 1378 2258 Saga
1418 2191 1687 2242 somnium
1710 2189 1817 2243 He-

170 2258 336 2309 cubae
359 2263 620 2327 narratur,
646 2261 834 2312 deinde
858 2261 1064 2314 Paridis
1089 2263 1351 2314 iuventus,
1425 2261 1614 2332 Neque
1641 2264 1816 2316 solum

170 2331 228 2382 in
265 2334 491 2401 utroque
531 2334 862 2387 describendi
900 2337 1036 2388 ratio
1065 2335 1253 2388 similis
1279 2339 1374 2403 est,
1414 2336 1505 2387 sed
1531 2339 1818 2390 occurrunt

172 2404 334 2455 etiam
373 2408 647 2474 complura
671 2426 805 2476 quae
830 2409 1189 2476 maximopere
1213 2409 1435 2476 mireri8‚
1473 2409 1613 2462 nihil
1638 2411 1817 2463 autem

168 2478 343 2546 magis
407 2498 567 2548 quam
620 2481 742 2533 hoc:
818 2481 977 2549 Apud
1032 2480 1336 2534 Conradum
1389 2482 1530 2533 enim
1586 2483 1814 2552 legimus

174 2547 245 2619 (v.
285 2550 415 2621 622)

429 2672 487 2739 jo
528 2690 638 2723 was
680 2690 735 2723 er
775 2672 861 2723 6111
900 2672 1207 2740 griezwarte

435 2744 544 2795 und
585 2745 671 2796 ein
710 2748 841 2815 guot
870 2745 1038 2797 rihter
1074 2745 1242 2797 under
1279 2745 1350 2797 in.

438 2836 561 2868 wan
601 2835 738 2870 swer
777 2818 879 2870 den
919 2818 993 2870 sic
1033 2818 1099 2870 do
1139 2819 1312 2871 fuorte
1351 2818 1460 2886 hin,

434 2890 556 2942 dem
597 2894 739 2943 sazte
779 2909 836 2943 er
873 2892 937 2943 uf
971 2891 1055 2943 sin
1091 2891 1292 2943 houbet

436 2963 524 3014 ein
564 2963 778 3032 schapel
817 2966 920 3017 wol
961 2964 1210 3034 geloubet
