1956 3178
1724 0 1746 18 *⁷2
1767 0 1813 34 ‘a

1667 19 1682 29 '¹
1708 22 1726 25 ‚-
1771 25 1790 40 ἰ
1836 38 1846 43 Ἰ,
1868 36 1872 38 .

1879 78 1902 99 ..⁷
1924 83 1930 88 -
1950 81 1956 91 ⁴

1914 106 1954 140 ¹1..

281 136 316 187 4
791 134 1010 176 DICTYS
1043 132 1377 175 CRETENSIS

284 261 616 313 educaverat.
654 259 712 310 in
739 277 845 327 qua
869 258 1129 310 divisione
1149 258 1348 327 singuli
1372 275 1470 326 pro
1495 256 1731 310 nominis
1758 256 1890 310 cele·
1928 276 1931 277 ⁷

282 331 476 384 britate
516 331 654 381 inter
691 346 746 380 se
784 329 1007 397 quisque
1043 328 1325 398 magnifice
1362 327 1635 380 transiere.

421 400 490 452 ΙΙ.
551 400 638 451 Ad
684 416 774 451 eos
821 416 877 450 re
925 399 1142 468 cognita
1190 416 1372 450 omnes
1420 416 1483 449 ex
1533 396 1740 466 origine
1785 395 1892 448 Eu-

287 488 477 538 ropae,
525 487 659 538 quae
706 470 764 521 in
813 486 875 520 ea
921 468 1097 521 insula
1132 486 1340 520 summa
1385 467 1645 537 religione
1682 465 1902 533 colitur„

240 556 261 588 5
288 540 567 593 confluunt
611 539 950 608 benigneque
1007 539 1265 591 salutatos
1324 539 1382 590 in
1426 537 1688 604 templum
1733 534 1893 588 dedu-

282 614 424 663 cunt.
499 609 575 661 ibi
634 609 930 661 hostiarum
985 609 1274 660 multarum
1330 606 1696 660 immolatione
1742 622 1891 658 more

281 680 455 748 patrio
506 679 771 732 celebrata
817 677 1174 746 exhibitisque
1222 678 1392 746 epulis
1431 678 1652 747 largiter
1687 675 1892 745 magni—

282 751 484 818 ficeque
542 767 632 802 eos
688 749 920 801 habuere
981 750 1215 817 itemque
1262 748 1518 800 insecutis
1567 746 1782 799 diebuss
1838 754 1893 798 at
1932 808 1934 810 v

282 838 426 885 reyes
475 825 721 873 Graeciae
764 819 863 871 etsi
901 837 977 887 ea,
1017 837 1151 888 quae
1190 818 1591 884 exhibebantur,
1631 834 1751 870 cum
1787 815 1892 868 lae-

220 904 261 935 10
282 890 402 942 titia
449 890 806 958 accipiebant,
854 892 1034 941 tamen
1083 889 1252 940 multo
1307 888 1477 957 magis
1532 886 1721 954 templi
1779 886 1892 938 eius

283 960 568 1029 magnifica
591 958 988 1027 pulchritudine
1012 959 1358 1027 preciosaque
1385 956 1743 1010 exstructione
1770 973 1893 1024 ope·
1936 1008 1939 1010 ,

283 1048 402 1081 rum
428 1029 815 1096 afficiebantur,
842 1029 1187 1096 inspicientes
1212 1030 1616 1096 repetentesque
1636 1025 1894 1078 memoria

283 1099 510 1168 singula,
550 1117 683 1167 quae
711 1117 774 1151 ex
801 1097 1001 1151 Sidona
1026 1117 1057 1150 a
1081 1098 1367 1166 Phoenice,
1394 1100 1545 1165 patre
1572 1096 1701 1163 61118,
1729 1097 1890 1163 atque

282 1169 552 1221 nobilibus
572 1169 831 1221 matronis
850 1169 1161 1220 transmissa
1178 1185 1376 1236 magno
1394 1170 1509 1219 tum
1522 1166 1702 1218 decori
1721 1168 1889 1220 erant.

224 1250 264 1283 15
327 1283 330 1286 .
428 1238 524 1290 III.
608 1238 712 1290 Per
781 1238 922 1289 idem
984 1241 1195 1306 tempus
1251 1237 1554 1289 Alexander
1609 1235 1892 1304 Phrygius,

287 1308 487 1360 Priami
525 1308 682 1376 filius,
721 1309 906 1360 Aenea
942 1308 1163 1376 aliisque
1203 1325 1266 1359 ex
1303 1305 1768 1376 consanguinitate
1809 1321 1893 1357 co·

285 1378 529 1446 mitibus,
569 1377 789 1446 Spartae
827 1379 885 1429 in
923 1378 1138 1430 domum
1175 1377 1406 1429 Menelai
1442 1375 1677 1444 hospitio
1715 1391 1893 1443 recep-

285 1451 371 1499 tus
385 1489 399 1515 ,
449 1448 882 1517 indignissimum
926 1447 1134 1499 facinus
1176 1448 1589 1515 perpetraverat.
1663 1445 1709 1497 is
1745 1462 1894 1497 nam·

287 1536 387 1585 que
412 1518 504 1569 ubi
531 1517 908 1570 animadvertit
935 1534 1116 1586 regem
1142 1518 1340 1585 abesse,
1367 1516 1510 1584 quod
1548 1518 1662 1568 erat
1685 1513 1895 1566 Helena

223 1600 264 1631 20
285 1590 494 1656 praeter
550 1590 750 1640 ceteras
808 1587 1059 1639 Graeciae
1123 1587 1350 1639 feminas
1405 1585 1647 1638 miranda
1699 1583 1893 1652 specie,

286 1675 464 1709 amore
512 1658 623 1709 eius
661 1660 846 1725 captus
902 1657 1177 1725 ipsamque
1225 1660 1279 1708 et
1313 1656 1508 1708 multas
1556 1672 1684 1724 opes
1733 1653 1892 1706 domo

288 1727 399 1778 eius
447 1727 644 1794 aufert,
692 1727 951 1779 Aethram
988 1728 1148 1778 etiam
1195 1729 1248 1778 et
1285 1725 1619 1794 Clymenam,
1662 1723 1895 1776 Menelai

287 1796 487 1848 adfines
497 1838 511 1864 ,
559 1814 693 1864 quae
742 1797 810 1848 ob
858 1795 1302 1848 necessitudinem
1359 1813 1477 1847 cum
1523 1794 1731 1847 Helena
1774 1809 1895 1862 age·
1947 1856 1949 1858 ³

286 1866 431 1918 bant.
504 1866 797 1933 Postquam
844 1865 1057 1919 Cretam
1113 1866 1334 1917 nuntius
1381 1865 1531 1917 venit
1577 1867 1631 1916 et
1685 1866 1893 1931 cuncta,

224 1946 265 1979 25
289 1954 424 2003 quae
462 1937 527 1987 ab
565 1936 870 1988 Alexandro
918 1936 1196 1988 adversum
1234 1935 1450 1987 domum
1485 1933 1718 1986 Menelai
1755 1950 1894 1986 com·

287 2005 450 2057 missa
488 2009 664 2074 erant,
705 2006 938 2074 aperuit,
985 2023 1081 2074 per
1119 2023 1331 2057 omnem
1367 2004 1623 2072 insulam,
1661 2004 1801 2056 sicut
1836 2003 1895 2055 in

288 2075 385 2126 tali
430 2092 486 2126 re
533 2075 648 2127 fieri
696 2079 864 2143 amat,
911 2075 1056 2127 fama
1100 2076 1159 2126 in
1204 2075 1374 2127 maius
1422 2074 1754 2143 divulgatur:
1809 2090 1895 2125 ex-

288 2148 582 2213 pugnatam
620 2145 818 2213 quippe
857 2145 1071 2197 domum
1109 2145 1249 2214 regis
1287 2161 1631 2212 eversumque
1667 2159 1895 2213 regnum

292 2217 345 2265 et
381 2213 485 2266 alia
521 2214 578 2265 in
614 2214 777 2266 talem
813 2214 1030 2266 modum
1068 2215 1267 2283 singuli
1305 2214 1646 2267 disserebant.

229 2293 270 2324 30
433 2283 527 2335 IV.
593 2282 721 2345 Quis
749 2284 979 2353 cognitis
1008 2283 1299 2352 MenelaUS,
1338 2284 1435 2336 etsi
1460 2283 1746 2336 abstractio
1772 2298 1906 2350 con-⁹

291 2353 431 2421 iugis
487 2354 723 2405 animum
779 2356 1143 2421 permoverat,
1211 2354 1379 2406 multo
1445 2353 1669 2421 amplius
1714 2354 1896 2404 tamen
1950 2395 1956 2403 .

293 2423 360 2473 ob
417 2423 666 2475 iniuriam
724 2423 1002 2491 adfinium,
1070 2442 1200 2491 quas
1256 2442 1416 2492 supra
1468 2420 1893 2489 memoravimuS,

404 2550 487 2589 ΙΙΙ.
524 2551 601 2593 IV.
640 2550 796 2591 Malal.
838 2553 932 2591 119.
977 2553 1057 2591 120
1106 2551 1292 2604 Georgii
1346 2550 1544 2591 Cedreni
1587 2548 1894 2590 Historiarum
1942 2568 1956 2602 j

295 2605 611 2657 compendium
630 2608 709 2646 124
731 2606 1027 2648 Constantini
1042 2607 1272 2648 Manassis
1290 2605 1614 2658 Compendium
1631 2603 1894 2644 chronicum
1926 2611 1948 2659 j.

293 2659 330 2699 P
366 2661 420 2700 24
449 2662 502 2721 2}
532 2662 726 2702 Joannis
747 2663 948 2702 Tzetzae
966 2662 1319 2704 Antehomerica
1350 2662 1569 2702 129—157
1600 2659 1771 2700 Auctor
1798 2655 1894 2700 τῶν

299 2716 525 2767 Τρωϊκων
555 2717 603 2756 in
633 2717 926 2759 Bibliotheca
957 2718 1325 2760 Uffenbachiaua
1355 2717 1407 2758 V.
1440 2717 1519 2759 VI.
1941 2728 1945 2732 ’

406 2828 431 2867 2
451 2827 750 2869 caelebritate
763 2829 798 2869 G
813 2831 855 2870 in
871 2829 980 2880 libri,
1003 2830 1126 2870 inter
1140 2831 1206 2871 ed.
1223 2835 1324 2872 uett.
1369 2827 1627 2880 transigere
1639 2827 1681 2868 B
1701 2827 1744 2867 in
1759 2837 1893 2877 maro.

295 2883 321 2922 9
337 2880 465 2923 Atrei
487 2884 636 2936 gratia
665 2884 773 2936 libri,
806 2897 939 2938 reges
956 2886 1178 2927 Graeciae
1205 2887 1273 2927 ed.
1299 2885 1416 2926 Crat.
1437 2883 1665 2925 Obrechtus
1692 2886 1946 2943 nostrum.„4
