1956 3178
273 61 340 115 83
785 63 1002 121 mcrYs
1034 62 1366 107 0001011010
1840 35 1844 39 ’
1889 0 1956 202 Ἰ

274 205 374 259 ego
423 189 637 258 quidem
685 188 843 240 abibo
890 187 1018 240 hinc
1074 187 1181 240 iam
1229 191 1282 241 et
1334 187 1601 243 discedam
1645 176 1880 262 longiuS,
1912 161 1956 262 Ῐρ,

273 277 447 328 110(1110
486 258 832 326 committam,
871 261 933 310 ut
957 258 1180 338 ulterius
1218 259 1460 311 intersim
1484 261 1639 314 malis
1664 263 1880 316 nostris,
1912 263 1913 266 ’
1938 273 1956 321 5³

273 330 379 382 fuit
414 333 625 397 tempus
634 370 648 397 ,
698 346 803 408 quo
842 347 1057 381 manere
1105 329 1163 380 in
1199 328 1299 382 hac
1337 329 1554 383 civitate
1591 331 1882 386 iocundum
1947 341 1956 390 ἶ·

274 403 412 453 erat:
452 399 607 467 socii,
646 399 827 467 amici,
865 399 1287 468 propinquorum
1325 400 1465 453 salus
1475 442 1489 470 ,
1525 402 1701 470 patria
1737 401 1882 456 deni·
1939 407 1956 461 ζ

227 487 249 519 5
274 489 376 540 que
414 470 698 522 1110011111110
725 469 1001 522 adtinuere
1038 470 1096 522 in
1134 470 1276 523 hunc
1307 471 1461 523 diem.
1526 475 1713 525 contra
1736 491 1880 526 1111110
1948 462 1956 481 ”

273 540 401 610 (1111(1
437 541 630 592 horum
654 559 767 593 non
804 540 1163 608 imminutum,
1199 544 1292 593 aut
1328 542 1386 593 in
1410 544 1585 594 totum
1611 543 1882 597 sublatum

270 611 427 664 nobis
467 612 583 663 est?
635 629 747 663 non
785 610 954 663 feram
991 629 1076 664 me
1114 629 1235 663 cum
1271 611 1355 664 his
1391 613 1612 678 morari,
1654 624 1882 682 quorum
1948 651 1956 653 >

274 699 437 751 opera
486 685 677 734 cuncta
724 680 858 733 mihi
902 699 1022 733 cum
1078 682 1253 750 patria
1299 682 1593 735 concidere.
1691 687 1744 736 01
1790 702 1882 737 000

273 753 504 821 quidem,
544 771 677 820 quos
714 752 773 803 in
798 752 939 804 bello
977 751 1197 804 fortuna
1223 753 1433 821 eripuit,
1459 755 1787 833 utcumque
1773 772 1882 807 lam

210 839 251 870 10
275 823 615 891 sepelivimus
682 822 1095 875 concedentibus
1151 823 1293 876 ultro
1351 824 1564 876 veniam
1619 823 1880 893 hostibus,

274 894 367 946 sed
402 896 689 962 postquam
727 892 947 945 deorum
995 911 1115 945 arae
1163 897 1323 962 atque
1362 894 1581 946 delubra
1617 895 1879 975 sanguine

272 964 510 1016 humano
559 982 656 1031 per
703 963 873 1015 scelus
922 963 1122 1015 infecta
1159 967 1308 1030 sunt,
1357 964 1461 1017 hoc
1509 966 1668 1017 etiam
1706 965 1882 1018 amisi-

273 1052 407 1101 111110,
470 1034 667 1102 quippe
731 1034 848 1102 quis
909 1034 1113 1086 maiora
1173 1034 1435 1113 supplicia
1482 1037 1605 1102 post
1653 1039 1882 1088 mortem

275 1104 696 1171 carissimorum,
754 1122 914 1172 quam
970 1104 1028 1155 in
1087 1104 1372 1156 amissione
1420 1104 1695 1158 subeunda
1739 1108 1881 1159 sunt.

210 1190 252 1223 15
276 1193 411 1243 quae
449 1193 517 1226 ne
556 1174 824 1242 accidant,
863 1191 1007 1226 nunc
1045 1175 1234 1226 saltem
1270 1174 1563 1243 providete.
1638 1193 1767 1228 auro
1806 1179 1883 1229 at-

275 1263 377 1314 que
416 1245 533 1296 aliis
581 1244 888 1296 huiusmodi
932 1245 1182 1312 praemiis
1232 1245 1540 1297 redimenda
1576 1246 1751 1314 patria
1787 1250 1882 1299 est.

274 1315 472 1367 multae
512 1316 568 1366 in
595 1315 695 1367 hac
722 1315 937 1367 civitate
965 1314 1098 1367 dites
1125 1315 1327 1384 (10111110,
1368 1316 1568 1384 singuli
1593 1335 1691 1384 pro
1717 1316 1884 1370 facul-

274 1386 473 1439 tatibus
519 1386 576 1437 in
622 1385 857 1437 medium
906 1386 1244 1437 consulamus
1256 1428 1269 1453 ,
1319 1389 1590 1454 postremo
1630 1387 1885 1439 offeratur

272 1474 371 1525 pro
410 1456 522 1508 vita
547 1455 806 1523 hostibuS,
846 1455 990 1524 quod
1014 1474 1138 1508 mox
1174 1456 1396 1508 interitu
1420 1459 1605 1509 nostro
1643 1457 1883 1525 ipsorum
1937 1499 1940 1502 ι

209 1543 251 1574 20
273 1527 516 1579 futurum
555 1530 648 1578 est.
723 1526 1047 1594 templorum
1085 1526 1261 1594 etiam,
1310 1527 1355 1578 si
1391 1545 1604 1579 necesse
1642 1529 1759 1595 erit,
1799 1545 1883 1580 or·

272 1598 540 1650 namentis
594 1615 692 1665 pro
760 1596 1128 1648 incolumitate
1188 1597 1392 1664 patriae
1452 1597 1710 1650 utendum
1771 1600 1878 1650 est:

274 1668 419 1720 solus
457 1685 578 1719 suas
617 1685 743 1735 opes
780 1667 925 1719 intus
964 1667 1228 1719 custodiat
1263 1667 1532 1735 Priamus,
1571 1667 1715 1720 solus
1753 1667 1883 1721 divi-

272 1738 375 1791 tias
440 1737 676 1806 potiores
724 1737 925 1789 civibus
974 1737 1081 1789 suis
1128 1740 1332 1806 teneat,
1382 1737 1466 1790 his
1512 1738 1697 1806 etiam,
1748 1756 1884 1806 quae

274 1826 396 1861 cum
422 1807 630 1860 Helena
666 1810 822 1875 rapta
858 1813 998 1875 sunt,
1036 1807 1269 1875 incubet,
1297 1807 1596 1877 videatque,
1631 1826 1790 1874 quem
1815 1807 1883 1860 ad

210 1899 252 1931 25
274 1879 438 1931 finem
463 1878 720 1930 utendum
745 1880 900 1946 putet
923 1877 1127 1946 patriae
1155 1878 1561 1930 calamitatibus,
1623 1896 1724 1931 nos
1751 1878 1880 1932 victi

274 1949 382 2002 iam
419 1967 600 2000 sumus
638 1948 791 2000 malis
827 1948 1042 2001 nostris,
1048 1949 1079 1977 “

414 2018 509 2070 III.
574 2017 721 2071 Haec
769 2021 928 2086 atque
984 2018 1089 2070 alia
1143 2036 1264 2070 cum
1309 2018 1542 2070 lacrimis
1589 2018 1879 2070 disserente

275 2107 337 2141 eo
377 2083 555 2140 cuncti
602 2089 760 2140 simul
809 2089 1068 2157 gemitum
1106 2088 1294 2156 edunt,
1341 2087 1620 2141 tendentes
1667 2088 1733 2140 ad
1770 2106 1883 2141 cae-

273 2159 386 2211 lum
432 2176 622 2210 manus
669 2177 928 2227 annuere,
984 2162 1068 2210 tot
1113 2159 1346 2211 adversis
1405 2158 1563 2211 rebus
1609 2158 1884 2211 Priamum

208 2250 252 2283 30
275 2229 475 2298 singuli
512 2229 597 2281 vel
634 2229 775 2280 inter
813 2247 866 2280 se
906 2247 1090 2281 omnes
1126 2229 1289 2281 finem
1326 2229 1659 2281 miseriarum
1696 2229 1880 2298 depre-

275 2303 471 2367 canteS,
511 2299 577 2351 ad
613 2302 941 2367 postremum
978 2304 1085 2351 uno
1126 2317 1216 2351 ore
1253 2299 1482 2367 patriam
1518 2299 1879 2352 redimendam

275 2370 525 2422 clamant.
588 2369 647 2422 in
673 2370 791 2438 quis
817 2369 1062 2421 Priamus
1090 2369 1354 2421 dilanians
1381 2372 1541 2437 caput
1565 2369 1693 2421 fletu
1720 2387 1882 2437 quam

274 2440 564 2493 miserabili
617 2458 730 2492 non
775 2439 947 2491 solum
986 2439 1093 2491 iam
1141 2458 1196 2491 se
1243 2440 1319 2491 ait
1363 2439 1484 2492 odio
1535 2439 1638 2507 dis,
1695 2457 1882 2491 verum

276 2511 384 2562 01110
421 2510 632 2563 hostem
670 2510 932 2578 effectum,
972 2509 1169 2577 quippe
1208 2510 1292 2561 cui
1330 2527 1442 2561 non
1471 2510 1670 2561 amicus
1707 2511 1880 2578 antea,

388 2683 414 2721 3
446 2693 532 2733 qua
567 2681 602 2720 G
707 2681 731 2721 5
760 2681 865 2731 fort.
898 2680 1136 2721 obtinuere
1245 2680 1270 2719 8
1303 2678 1412 2719 mihi
1442 2692 1517 2719 om.
1543 2679 1584 2718 P
1697 2681 1750 2719 14
1779 2679 1882 2732 ipsa

271 2742 371 2788 post
400 2737 448 2776 in
478 2738 578 2777 add.
618 2736 700 2776 VP
811 2738 866 2777 24
896 2738 1025 2788 rapte
1058 2739 1162 2775 sunt
1197 2735 1231 2776 G
1289 2741 1423 2787 rapta
1462 2739 1566 2774 sunt
1595 2734 1637 2774 B
1695 2735 1880 2775 uideat·

276 2805 375 2889 ἓιιιιὲ
397 2791 442 2889 lg
496 2792 750 2845 uidereque
785 2793 819 2833 G
887 2874 892 2878 Ι
925 2794 979 2833 29
1011 2791 1208 2832 abnuere
1243 2790 1321 2832 GB
1351 2804 1463 2832 corr.
1503 2791 1585 2831 VP
1696 2793 1750 2832 33
1779 2803 1882 2831 uer-
