1956 3178
564 136 752 180 BELLI
781 137 1040 179 TROIANI
1071 137 1190 178 LIB.
1221 137 1283 182 11.
1667 137 1738 191 35

113 280 239 332 pam
276 263 492 331 quidem
530 281 561 316 a
599 261 814 330 Sidona,
854 261 1205 330 Ganymeden
1251 279 1314 313 ex
1352 262 1498 315 hisce
1537 263 1737 317 finibus

116 337 275 403 atque
313 334 539 402 imperio
577 350 764 402 rapere
801 331 1051 385 licuerit?
1100 331 1229 400 quid
1263 331 1547 386 Medeam?
1585 338 1600 386 i
1642 353 1737 388 no-

113 404 313 458 ratisne
351 423 383 457 a
420 403 634 458 Colchis
656 404 729 456 *in
764 403 1035 456 Iolcorum
1071 402 1206 455 fines
1243 406 1602 457 transvectam
1684 409 1739 459 et

112 493 181 528 ne
217 475 451 544 primum
488 474 622 527 illud
658 473 902 543 rapiendi
939 473 1155 526 initium
1191 475 1633 544 praetermittam,
1672 475 1734 530 Io

115 563 179 598 ex
217 545 557 599 Sidoniorum
603 545 824 615 regione
869 544 1098 597 abducta
1127 545 1308 614 Argos
1342 547 1559 601 meavit.
1610 546 1736 600 hac-
1755 560 1778 594 5

112 619 272 670 tenus
297 616 575 669 vobiscum
601 616 777 668 verbis
804 619 1006 668 actum:
1046 618 1103 668 at
1128 615 1234 667 nisi
1268 634 1389 668 mox
1427 635 1549 670 cum
1587 618 1738 671 omni

112 686 277 740 classe
315 704 380 739 ex
415 686 562 739 hisce
599 686 731 740 locis
769 685 1113 756 aufugeritiS,
1153 686 1262 738 iam
1299 687 1514 756 iamque
1552 688 1737 742 Troia-

110 775 236 810 nam
285 757 539 810 virtutem
586 757 960 826 experiemini:
1020 756 1166 809 domi
1226 756 1425 826 quippe
1482 759 1735 813 iuventus

109 828 284 897 perita
319 827 448 880 belli
485 827 695 881 abunde
732 828 890 881 nobis
928 830 1023 895 est,
1062 830 1223 896 atque
1261 827 1319 879 in
1357 827 1469 880 dies
1508 830 1736 883 auxilio-

109 916 228 951 rum
254 899 442 952 crescit
465 900 772 952 numerus“.
817 902 1103 967 postquam
1123 899 1286 950 finem
1306 899 1562 968 loquendi
1589 900 1732 969 fecit,
1759 918 1800 950 10

109 967 296 1022 Ulixes
320 969 530 1038 placida
555 970 801 1023 oratione
826 973 917 1039 „et
940 968 1185 1022 hercules
1211 969 1475 1023 ulterius“
1500 971 1576 1024 ait
1599 972 1735 1040 „dif-

111 1039 242 1092 ferri
278 1039 587 1094 inimicitias
613 1041 758 1093 haud
795 1041 1065 1110 integrum
1092 1040 1245 1092 vobis
1273 1042 1379 1092 est:
1420 1041 1540 1095 date
1566 1042 1736 1112 igitur

108 1110 237 1163 belli
275 1110 490 1181 signum
538 1115 699 1180 atque
746 1115 807 1164 ut
852 1112 911 1163 in
947 1110 1240 1163 inferendis
1278 1110 1516 1181 iniuriiS,
1566 1113 1644 1166 ita
1681 1119 1736 1167 et

107 1180 167 1233 in
215 1180 520 1235 inchoando
568 1182 773 1251 proelio
830 1182 922 1235 fite
974 1184 1242 1234 auctores:
1290 1199 1391 1234 nos
1447 1201 1734 1252 sequemur

107 1250 388 1305 lacessiti“.
458 1252 657 1305 talibus
693 1253 925 1305 invicem
955 1252 1302 1320 ‚consumptis
1341 1253 1517 1306 verbis
1564 1255 1730 1325 legati
1755 1270 1796 1304 15

109 1322 333 1375 consilio
373 1323 588 1379 abeunt.
664 1341 725 1376 ac
772 1341 899 1375 mox
934 1340 1031 1391 per
1066 1322 1330 1391 populum
1369 1322 1730 1379 disseminatis

107 1410 243 1461 quae
279 1392 561 1446 adversum
598 1394 805 1464 legatos
831 1395 1043 1446 Aeneas
1074 1393 1297 1461 dixerat,
1336 1395 1600 1449 tumultus
1628 1398 1731 1450 ori-

104 1466 195 1515 tur
231 1463 434 1516 scilicet
468 1482 566 1534 per
604 1483 726 1518 eum
763 1464 1072 1517 universam
1102 1464 1306 1517 Priami
1345 1464 1564 1519 domum
1604 1468 1728 1521 odio

105 1534 262 1603 regni
287 1534 400 1587 eius
424 1535 656 1603 pessimo
695 1534 1063 1588 intercedendi
1089 1535 1334 1603 exemplo
1363 1553 1608 1590 eversum
1644 1538 1727 1592 iri.

245 1603 474 1658 XXVII.
546 1605 573 1658 I
618 1605 723 1659 'tur
770 1605 863 1659 ubi
909 1605 1074 1676 legati
1124 1605 1189 1658 ad
1238 1606 1531 1660 exercitum
1579 1626 1725 1662 reve·
1749 1625 1792 1658 20

103 1691 258 1743 nere,
317 1675 524 1728 cunctis
616 1677 802 1729 ucibus
862 1675 1004 1729 dicta
1057 1679 1313 1747 gestaque
1369 1676 1726 1734 Troianorum

104 1744 385 1798 adversum
423 1764 478 1799 se
515 1750 807 1816 exponunt.
872 1746 1054 1816 itaque
1092 1746 1411 1816 decernitur,
1451 1750 1532 1802 uti
1566 1749 1727 1821 Poly-

103 1814 293 1869 dorum
330 1817 389 1870 in
415 1822 704 1887 conspectu
731 1819 972 1871 omnium
1010 1821 1171 1885 atque
1206 1821 1331 1873 ante
1369 1819 1517 1888 ipsos
1542 1839 1727 1875 muros

98 1890 371 1940 necarent.
445 1906 620 1957 neque
678 1889 904 1942 ulterius
963 1888 1188 1941 dilatum
1234 1889 1470 1942 facinus:
1526 1892 1726 1961 quippe

101 1956 394 2026 productus
430 1959 490 2011 in
525 1959 761 2012 medium
798 1959 1097 2014 visentibus
1146 1977 1210 2011 ex
1247 1960 1415 2013 muris
1451 1962 1723 2032 plerisque
1748 1978 1792 2011 25

100 2027 337 2081 hostium
375 2029 642 2098 lapidibus
689 2031 827 2084 ictus
873 2031 1143 2083 fraternae
1191 2030 1484 2100 impietatis
1521 2051 1725 2101 poenas

18 2136 22 2141 ι
101 2097 219 2151 luit.
283 2117 344 2152 ac
381 2118 507 2152 mox
544 2119 684 2154 unus
723 2119 788 2154 ex
824 2100 1178 2169 praeconibus
1216 2101 1527 2155 nuntiatum
1563 2103 1725 2157 Ilien-

101 2168 247 2248 sibus
283 2170 532 2239 mittitur,
570 2172 651 2224 uti
688 2171 1018 2241 Polydorum
1057 2171 1422 2253 sepeliendum
1459 2177 1722 2254 peterent.

99 2241 1026 2383 ffifflqffilffiuffiffffl
1048 2260 1382 2382 {uoiyffiffi
1406 2261 1573 2367 {553}ss
1606 2246 1724 2370 {3³53
1743 2331 1788 2364 ³0

97 2378 351 2434 Hecubae
388 2381 567 2435 refert.
629 2383 846 2436 interim
879 2385 1019 2437 Aiax
1055 2383 1399 2437 Telamonius
1408 2426 1423 2451 ,
1471 2403 1541 2437 ne
1592 2387 1723 2455 quid

103 2450 344 2520 quietum
399 2452 642 2506 finitimis
698 2454 889 2508 Troiae
944 2454 1257 2525 regionibus
1313 2458 1473 2524 atque
1533 2456 1719 2510 amicis

98 2520 516 2592 relinqueretur,
575 2524 844 2578 hostiliter
899 2544 986 2579 eas
1042 2525 1314 2595 ingressus
1363 2529 1578 2591 Petyam
1629 2526 1721 2580 Ze-

213 2650 391 2693 XXVII
419 2651 582 2694 Malal.
617 2655 698 2696 129
730 2654 924 2697 Cedren.
957 2655 993 2696 P
1027 2657 1120 2696 127.

211 2765 236 2804 2
269 2764 345 2818 qui
369 2764 446 2806 GB
486 2765 596 2819 quid
616 2767 706 2807 PV
789 2770 814 2809 3
848 2767 1020 2810 cholcis
1048 2768 1082 2808 G
1115 2767 1289 2809 colchis
1310 2768 1353 2808 B
1380 2769 1386 2821 Ι
1412 2769 1663 2811 iolchorum
1683 2771 1723 2813 G

100 2818 361 2861 colchorum
381 2819 437 2861 B.
527 2824 551 2863 7
572 2822 754 2876 iamque
781 2823 858 2865 GB
908 2825 998 2865 iam
1020 2825 1203 2877 iamque
1232 2825 1284 2865 V.
1319 2833 1363 2866 ut
1383 2828 1515 2868 uoluit
1537 2825 1720 2870 Orellius

97 2875 124 2916 8
157 2876 324 2931 quippe
365 2877 536 2920 auxilio
578 2879 656 2920 GB
716 2880 887 2922 auxilio
926 2887 1042 2922 recte
1081 2893 1158 2922 om.
1197 2881 1238 2921 A
1355 2884 1410 2924 29
1449 2882 1588 2924 Ideus
1637 2883 1717 2925 GB

98 2933 150 2974 32
182 2945 278 2987 reg.
311 2934 388 2977 Tr.
427 2932 486 2975 G¹
575 2937 628 2978 33
660 2936 859 2978 botiram
890 2937 1135 2990 cillamque
1172 2937 1250 2978 GB
1282 2951 1397 2980 corr.
1433 2940 1712 2982 Dedericleus.

1393 3009 1456 3050 3*
