1956 3178
523 156 714 198 BELLI
743 154 994 197 TROIANI
1026 154 1140 196 LIB.
1172 156 1231 196 ΙΙ.
1619 155 1688 207 33

64 285 339 335 auctorem
365 281 582 349 pessimi
620 279 875 332 facinoris
902 283 1268 348 sequerentur.
1334 298 1508 349 neque
1534 280 1687 350 igno-

70 370 188 405 rare
227 370 575 420 quemquam,
625 351 668 402 si
707 354 818 403 tam
857 353 1011 402 atrox
1049 351 1248 403 iniuria.
1285 350 1561 419 probanda
1600 351 1686 418 sit,

66 423 182 476 fore
221 423 299 475 uti
324 423 465 475 malo
492 421 734 489 exemplo
762 419 1107 473 disseminato
1141 440 1237 489 per
1262 421 1514 474 mortales
1541 422 1686 490 ipsos

67 494 245 560 etiam,
282 494 374 562 qui
408 492 551 544 haud
588 491 748 561 longe
790 491 1050 559 abessent,
1088 492 1285 544 similia
1320 496 1414 544 aut
1439 493 1689 562 graviora

67 563 213 616 hisce
239 565 604 631 sequerentur.
669 579 746 630 ea,
784 565 844 614 ut
881 566 1035 615 erant
1060 564 1277 630 atrocia,
1320 564 1501 616 cuncti
1535 563 1688 616 taciti
1710 579 1731 612 5

68 635 211 686 inter
247 652 302 686 se
339 635 587 702 reputare
626 632 805 685 animo
845 635 1004 702 atque
1052 634 1127 686 ita
1168 634 1470 702 exemplum
1507 634 1690 687 huius-

69 704 215 757 modi
275 703 625 756 abhorrentes
692 703 1066 773 indignatione
1126 723 1303 756 rerum
1368 706 1686 773 permoveri.

72 775 195 827 dein
235 774 394 827 solito
434 791 578 827 more
604 774 903 844 perrogatis
942 775 1214 827 seniorum
1253 775 1534 827 sententiis
1571 776 1689 844 pari

66 862 331 898 consensu
358 845 598 897 omnium
620 843 925 897 Menelaum
951 845 1173 915 indigne
1192 864 1408 914 passum
1435 846 1689 898 iniuriam

66 916 395 983 decernitur,
436 916 549 968 solo
578 916 819 968 omnium
846 917 1173 969 Antimacho
1213 918 1270 969 in
1309 918 1538 986 gratiam
1565 917 1688 970 Ale·
1714 934 1754 966 ιο

70 986 259 1038 xandri
316 986 596 1039 adversum
656 990 878 1039 cunctos
936 987 1276 1040 reclamante.
1371 1006 1431 1040 ac
1490 988 1688 1056 statim,

69 1057 163 1126 qui
201 1057 264 1109 de
305 1057 553 1110 omnibus
578 1057 888 1110 nuntiatum
927 1058 994 1109 ad
1018 1058 1294 1111 Priamum
1331 1059 1688 1126 mitterentur,

73 1127 230 1180 electi
269 1127 399 1180 duo:
438 1127 612 1196 hique
640 1128 782 1180 inter
819 1132 1017 1197 cetera,
1058 1148 1193 1197 quae
1231 1130 1483 1182 mandata·
1520 1132 1688 1196 erant,

73 1198 236 1250 etiam
274 1198 336 1250 de
374 1198 473 1250 Pol
513 1198 643 1251 doro
683 1198 891 1268 docent.

209 1266 409 1322 XXIV.
472 1217 553 1321 {a
591 1269 682 1321 ubi
718 1287 811 1322 rex
849 1270 1076 1338 accepit,
1116 1271 1345 1323 maxime
1383 1273 1690 1323 consterna·
1714 1286 1754 1319 15

71 1342 158 1391 tus
205 1339 302 1391 filii
348 1340 541 1398 nuntio
592 1343 716 1392 ante
765 1358 856 1392 ora
906 1340 1146 1393 omnium
1195 1342 1410 1394 corruit.
1497 1341 1622 1393 dein
1659 1360 1689 1393 a

67 1409 536 1462 circumstantibus
572 1409 803 1463 refectus
829 1411 1101 1479 paulisper
1126 1412 1374 1481 erigitur:
1415 1415 1574 1480 atque
1613 1412 1689 1464 ire

67 1480 127 1532 in
164 1481 446 1532 consilium
484 1482 703 1549 cupiens
751 1483 816 1534 ab
864 1482 1064 1551 regulis
1112 1483 1380 1535 cohibitus
1430 1486 1523 1535 est.
1588 1483 1691 1551 ipsi

66 1568 300 1619 namque
338 1551 524 1603 relicto
572 1554 724 1620 patre
780 1556 1106 1605 conventum
1143 1554 1463 1622 inrumpunt
1517 1552 1583 1605 ad
1636 1553 1690 1604 id

19 1620 23 1634 ⁶
70 1625 306 1689 temPUS,
372 1640 478 1690 quo
535 1622 892 1675 Antimachus
956 1623 1139 1676 multis
1195 1625 1252 1675 in
1308 1624 1690 1676 contumeliam
1713 1640 1755 1671 20

69 1690 397 1744 Graecorum
443 1693 725 1760 praeiactis
772 1694 983 1761 probris
1042 1698 1158 1746 tum
1219 1694 1432 1747 demum
1492 1694 1691 1747 dimitti

70 1760 376 1814 Menelaum
415 1763 606 1831 aiebat,
647 1764 691 1816 si
717 1763 1017 1832 Polydorus
1055 1765 1379 1834 redderetur,
1418 1768 1688 1834 postremo

70 1833 299 1885 eundem
347 1851 526 1886 casum
587 1838 746 1903 atque
803 1836 1004 1888 exitum
1051 1836 1328 1904 utriusque
1391 1835 1691 1889 custodien-

70 1903 212 1956 dum.
305 1903 583 1957 adversum
642 1924 777 1974 quae
842 1907 1048 1959 cunctis
1106 1906 1388 1959 silentibus
1442 1908 1691 1959 Antenor

72 1974 333 2043 resistere,
374 1993 434 2028 ac
472 1994 540 2028 ne
579 1976 707 2044 quid
732 1976 1039 2029 huiusmodi
1067 1976 1454 2045 decerneretur,
1493 1994 1692 2047 magna
1713 1991 1755 2024 25

69 2045 124 2096 vi
153 2063 493 2116 repugnare.
582 2047 674 2099 sed
725 2050 1011 2115 postquam
1068 2047 1299 2099 invicem
1344 2048 1514 2100 multa
1566 2065 1691 2101 con-

72 2119 284 2183 sumpta>
322 2117 564 2169 oratione
604 2121 874 2169 certamen
912 2135 1097 2170 eorum
1143 2117 1209 2170 ad
1250 2136 1443 2170 manus
1480 2137 1690 2187 proces-

69 2191 234 2253 serat,
287 2204 470 2239 omnes
518 2188 610 2255 qui
657 2188 878 2240 aderant
923 2189 1224 2256 inquietum
1271 2207 1330 2241 ac
1379 2189 1690 2242 seditiosum

71 2256 455 2309 Antimachum
492 2259 903 2325 pronuntiantes
943 2277 970 2311 e
1009 2261 1155 2311 curia
1193 2261 1408 2312 eiecere.

211 2325 382 2379 XXV.
461 2326 564 2380 Sed
611 2329 702 2381 ubi
740 2329 1039 2382 Priamidae
1088 2331 1315 2400 ingressi
1359 2333 1509 2398 sunt,
1550 2331 1688 2382 Pan·
1711 2346 1752 2378 30

8 2460 14 2463 1
70 2395 508 2450 thusHectorem
548 2400 846 2469 obsecrans,
886 2419 1011 2453 nam
1050 2402 1094 2453 is
1133 2402 1274 2454 inter
1311 2401 1526 2470 regulos
1565 2418 1687 2453 cum

56 2467 268 2519 ,virtute
315 2472 430 2520 tum
469 2470 692 2523 consilio
741 2471 914 2524 bonus
953 2471 1290 2539 credebatur,
1334 2471 1566 2539 hortari,
1607 2471 1686 2524 uti

70 2535 275 2590 Helena
324 2551 468 2592 nunc
515 2541 879 2610 potissimum,
920 2560 1039 2594 cum
1080 2543 1269 2595 Graeci
1309 2541 1575 2610 supplices
1614 2542 1684 2594 ob

70 2606 207 2660 hanc
246 2627 456 2662 causam
483 2612 771 2680 venissent,
810 2631 931 2664 cum
957 2613 1192 2665 amicitia
1219 2612 1552 2664 redderetur:
1591 2630 1683 2665 ne-

69 2695 171 2748 que
219 2697 406 2747 parum
455 2681 761 2735 Alexandro
821 2683 886 2735 ad
945 2683 1267 2751 explendum
1326 2700 1586 2751 amorem,
1639 2683 1683 2735 si
1706 2698 1749 2730 35

47 2748 227 2816 ‘quem
267 2750 405 2802 circa
429 2750 690 2805 Helenam
716 2754 991 2820 habuerat,
1018 2756 1366 2811 transactum.
1431 2754 1683 2822 quocirca

184 2895 209 2933 2
242 2906 513 2947 quemquam
546 2896 654 2948 quin
685 2897 795 2949 libri,
830 2898 939 2949 quin
961 2897 1116 2937 deleuit
1137 2897 1414 2940 Dedericlms.
1496 2899 1549 2938 29
1575 2909 1688 2937 nun-

2 2957 5 2959 ’
73 2947 219 2989 tiante
251 2963 298 2990 se
332 2951 366 2990 G
482 2953 532 2991 31
566 2951 638 2992 his
672 2953 706 2993 G
821 2955 875 2994 35
908 2952 1175 3005 explendam
1214 2954 1261 2993 G.

162 3025 314 3057 Dte-svs.
1409 3040 1433 3077 3
