<?xml version="1.0" encoding="UTF-8"?>
<!DOCTYPE html PUBLIC "-//W3C//DTD XHTML 1.0 Transitional//EN"
    "http://www.w3.org/TR/xhtml1/DTD/xhtml1-transitional.dtd">
<html xmlns="http://www.w3.org/1999/xhtml" xml:lang="en" lang="en">
 <head>
  <title>
</title>
<meta http-equiv="Content-Type" content="text/html;charset=utf-8" />
  <meta name='ocr-system' content='tesseract 3.04.00' />
  <meta name='ocr-capabilities' content='ocr_page ocr_carea ocr_par ocr_line ocrx_word'/>
</head>
<body>
  <div class='ocr_page' id='page_1' title='image "./dictyscretensise00dictuoft_0077.png"; bbox 0 0 1956 3178; ppageno 0'>
   <div class='ocr_carea' id='block_1_1' title="bbox 0 40 102 84">
    <p class='ocr_par' dir='ltr' id='par_1_1' title="bbox 0 40 102 84">
     <span class='ocr_line' id='line_1_1' title="bbox 1 40 102 49; baseline 0 0"><span class='ocrx_word' id='word_1_1' title='bbox 1 40 6 47; x_wconf 89' lang='lat'>.</span> <span class='ocrx_word' id='word_1_2' title='bbox 100 45 102 49; x_wconf 94' lang='lat'>.</span> 
     </span>
     <span class='ocr_line' id='line_1_2' title="bbox 0 52 81 73; baseline 0 -9"><span class='ocrx_word' id='word_1_3' title='bbox 0 57 6 64; x_wconf 79' lang='grc' dir='ltr'>ι</span> <span class='ocrx_word' id='word_1_4' title='bbox 72 52 81 73; x_wconf 37' lang='lat'>:¹</span> 
     </span>
     <span class='ocr_line' id='line_1_3' title="bbox 0 76 72 84; baseline 0 0"><span class='ocrx_word' id='word_1_5' title='bbox 0 76 5 81; x_wconf 85' lang='grc'>.</span> <span class='ocrx_word' id='word_1_6' title='bbox 67 77 72 84; x_wconf 69' lang='grc'>,</span> 
     </span>
    </p>
   </div>
   <div class='ocr_carea' id='block_1_2' title="bbox 0 99 1699 182">
    <p class='ocr_par' dir='ltr' id='par_1_2' title="bbox 0 99 1699 182">
     <span class='ocr_line' id='line_1_4' title="bbox 0 99 1699 182; baseline 0.01 -16"><span class='ocrx_word' id='word_1_7' title='bbox 0 122 50 176; x_wconf 45' lang='grc' dir='ltr'>Α*</span> <span class='ocrx_word' id='word_1_8' title='bbox 384 99 387 102; x_wconf 49' lang='grc'>’</span> <span class='ocrx_word' id='word_1_9' title='bbox 524 129 711 173; x_wconf 76' lang='lat' dir='ltr'>BELLI</span> <span class='ocrx_word' id='word_1_10' title='bbox 738 129 996 173; x_wconf 74' lang='lat' dir='ltr'>TRo1AN1</span> <span class='ocrx_word' id='word_1_11' title='bbox 1027 130 1143 174; x_wconf 76' lang='lat' dir='ltr'>Lm.</span> <span class='ocrx_word' id='word_1_12' title='bbox 1174 130 1258 173; x_wconf 90' lang='lat'>111.</span> <span class='ocrx_word' id='word_1_13' title='bbox 1629 128 1699 182; x_wconf 83' lang='lat'>55</span> 
     </span>
    </p>
   </div>
   <div class='ocr_carea' id='block_1_3' title="bbox 20 254 1770 2511">
    <p class='ocr_par' dir='ltr' id='par_1_3' title="bbox 20 254 1770 2511">
     <span class='ocr_line' id='line_1_5' title="bbox 87 254 1699 326; baseline -0.003 -14"><span class='ocrx_word' id='word_1_14' title='bbox 87 260 393 326; x_wconf 83' lang='lat' dir='ltr'>promptum</span> <span class='ocrx_word' id='word_1_15' title='bbox 430 257 830 324; x_wconf 85' lang='lat' dir='ltr'>animadvertit,</span> <span class='ocrx_word' id='word_1_16' title='bbox 878 255 1037 308; x_wconf 90' lang='lat' dir='ltr'>simul</span> <span class='ocrx_word' id='word_1_17' title='bbox 1085 254 1368 307; x_wconf 85' lang='lat' dir='ltr'>subvenire</span> <span class='ocrx_word' id='word_1_18' title='bbox 1407 254 1515 322; x_wconf 85' lang='lat' dir='ltr'>his,</span> <span class='ocrx_word' id='word_1_19' title='bbox 1565 273 1699 323; x_wconf 87' lang='lat' dir='ltr'>quos</span> 
     </span>
     <span class='ocr_line' id='line_1_6' title="bbox 29 325 1699 397; baseline -0.002 -17"><span class='ocrx_word' id='word_1_20' title='bbox 29 334 31 337; x_wconf 82' lang='grc'>’</span> <span class='ocrx_word' id='word_1_21' title='bbox 87 326 371 381; x_wconf 71' lang='lat' dir='ltr'>advorsum</span> <span class='ocrx_word' id='word_1_22' title='bbox 415 327 676 397; x_wconf 78' lang='lat' dir='ltr'><strong>bellabat,</strong></span> <span class='ocrx_word' id='word_1_23' title='bbox 726 327 945 396; x_wconf 90' lang='lat' dir='ltr'>cupiens</span> <span class='ocrx_word' id='word_1_24' title='bbox 1003 329 1056 379; x_wconf 92' lang='lat' dir='ltr'>et</span> <span class='ocrx_word' id='word_1_25' title='bbox 1104 343 1310 378; x_wconf 92' lang='lat' dir='ltr'>memor</span> <span class='ocrx_word' id='word_1_26' title='bbox 1353 325 1515 394; x_wconf 90' lang='lat' dir='ltr'>paulo</span> <span class='ocrx_word' id='word_1_27' title='bbox 1575 329 1699 378; x_wconf 89' lang='lat' dir='ltr'>ante</span> 
     </span>
     <span class='ocr_line' id='line_1_7' title="bbox 87 396 1700 467; baseline -0.002 -16"><span class='ocrx_word' id='word_1_28' title='bbox 87 399 327 466; x_wconf 76' lang='lat' dir='ltr'>repulsae</span> <span class='ocrx_word' id='word_1_29' title='bbox 373 398 431 451; x_wconf 91' lang='lat' dir='ltr'>in</span> <span class='ocrx_word' id='word_1_30' title='bbox 468 397 743 467; x_wconf 82' lang='lat' dir='ltr'>Polyxena</span> <span class='ocrx_word' id='word_1_31' title='bbox 802 399 990 450; x_wconf 86' lang='lat' dir='ltr'>contra</span> <span class='ocrx_word' id='word_1_32' title='bbox 1034 396 1230 449; x_wconf 87' lang='lat' dir='ltr'>tendit:</span> <span class='ocrx_word' id='word_1_33' title='bbox 1279 413 1700 466; x_wconf 82' lang='lat' dir='ltr'>progressusque</span> 
     </span>
     <span class='ocr_line' id='line_1_8' title="bbox 90 467 1702 538; baseline -0.001 -18"><span class='ocrx_word' id='word_1_34' title='bbox 90 467 150 520; x_wconf 91' lang='lat' dir='ltr'>in</span> <span class='ocrx_word' id='word_1_35' title='bbox 198 468 369 522; x_wconf 88' lang='lat' dir='ltr'>medio</span> <span class='ocrx_word' id='word_1_36' title='bbox 416 468 794 538; x_wconf 84' lang='lat' dir='ltr'>Pylaemenem</span> <span class='ocrx_word' id='word_1_37' title='bbox 839 467 1252 536; x_wconf 85' lang='lat' dir='ltr'>Paphlagonum</span> <span class='ocrx_word' id='word_1_38' title='bbox 1299 483 1481 536; x_wconf 88' lang='lat' dir='ltr'>regem</span> <span class='ocrx_word' id='word_1_39' title='bbox 1538 467 1702 535; x_wconf 90' lang='lat' dir='ltr'>impe-</span> 
     </span>
     <span class='ocr_line' id='line_1_9' title="bbox 90 537 1744 607; baseline -0.002 -15"><span class='ocrx_word' id='word_1_40' title='bbox 90 537 324 592; x_wconf 88' lang='lat' dir='ltr'>dimento</span> <span class='ocrx_word' id='word_1_41' title='bbox 363 539 464 591; x_wconf 91' lang='lat' dir='ltr'>sibi</span> <span class='ocrx_word' id='word_1_42' title='bbox 512 539 820 607; x_wconf 92' lang='lat' dir='ltr'>oppositum</span> <span class='ocrx_word' id='word_1_43' title='bbox 857 538 1156 591; x_wconf 87' lang='lat' dir='ltr'>comminus</span> <span class='ocrx_word' id='word_1_44' title='bbox 1201 537 1382 590; x_wconf 89' lang='lat' dir='ltr'>fundit</span> <span class='ocrx_word' id='word_1_45' title='bbox 1427 555 1540 590; x_wconf 90' lang='lat' dir='ltr'>non</span> <span class='ocrx_word' id='word_1_46' title='bbox 1577 538 1700 590; x_wconf 91' lang='lat' dir='ltr'>alie·</span> <span class='ocrx_word' id='word_1_47' title='bbox 1723 551 1744 584; x_wconf 86' lang='lat'>5</span> 
     </span>
     <span class='ocr_line' id='line_1_10' title="bbox 20 603 1699 749; baseline -0.001 -17"><span class='ocrx_word' id='word_1_48' title='bbox 20 603 24 608; x_wconf 24' lang='lat'>⁵</span> <span class='ocrx_word' id='word_1_49' title='bbox 87 608 1699 749; x_wconf 47' lang='grc' dir='ltr'>ἓέἒωθὲἒὲἕὲῗῖῗῑεῇῗέΐὶἓᾛὲἐθ0ΡῖἓέῗᾶἳὲΠὲἒέῗέῃὲ</span> 
     </span>
     <span class='ocr_line' id='line_1_11' title="bbox 90 722 1700 819; baseline -0.001 -17"><span class='ocrx_word' id='word_1_50' title='bbox 90 749 361 819; x_wconf 82' lang='lat' dir='ltr'>propriam</span> <span class='ocrx_word' id='word_1_51' title='bbox 406 722 664 803; x_wconf 81' lang='lat' dir='ltr'>memoria</span> <span class='ocrx_word' id='word_1_52' title='bbox 709 750 1047 819; x_wconf 76' lang='lat' dir='ltr'>repetebant:</span> <span class='ocrx_word' id='word_1_53' title='bbox 1097 768 1128 802; x_wconf 89' lang='lat' dir='ltr'>a</span> <span class='ocrx_word' id='word_1_54' title='bbox 1166 768 1271 818; x_wconf 93' lang='lat' dir='ltr'>quo</span> <span class='ocrx_word' id='word_1_55' title='bbox 1323 749 1486 802; x_wconf 89' lang='lat' dir='ltr'>etiam</span> <span class='ocrx_word' id='word_1_56' title='bbox 1525 748 1700 802; x_wconf 89' lang='lat' dir='ltr'>Olizo-</span> 
     </span>
     <span class='ocr_line' id='line_1_12' title="bbox 87 820 1702 890; baseline -0.001 -17"><span class='ocrx_word' id='word_1_57' title='bbox 87 838 196 874; x_wconf 90' lang='lat' dir='ltr'>nen</span> <span class='ocrx_word' id='word_1_58' title='bbox 232 821 485 890; x_wconf 88' lang='lat' dir='ltr'>genitam,</span> <span class='ocrx_word' id='word_1_59' title='bbox 524 823 811 890; x_wconf 74' lang='lat' dir='ltr'>postquam</span> <span class='ocrx_word' id='word_1_60' title='bbox 846 820 1141 874; x_wconf 74' lang='lat' dir='ltr'>adoleverit</span> <span class='ocrx_word' id='word_1_61' title='bbox 1179 820 1460 872; x_wconf 87' lang='lat' dir='ltr'>deductam</span> <span class='ocrx_word' id='word_1_62' title='bbox 1499 820 1556 872; x_wconf 89' lang='lat' dir='ltr'>in</span> <span class='ocrx_word' id='word_1_63' title='bbox 1594 839 1702 872; x_wconf 90' lang='lat' dir='ltr'>ma-</span> 
     </span>
     <span class='ocr_line' id='line_1_13' title="bbox 24 890 1766 944; baseline 0 0"><span class='ocrx_word' id='word_1_64' title='bbox 24 908 30 913; x_wconf 86' lang='lat'>·</span> <span class='ocrx_word' id='word_1_65' title='bbox 87 891 401 944; x_wconf 90' lang='lat' dir='ltr'>trimonium</span> <span class='ocrx_word' id='word_1_66' title='bbox 436 890 692 944; x_wconf 86' lang='lat' dir='ltr'>Dardani.</span> <span class='ocrx_word' id='word_1_67' title='bbox 1727 905 1766 935; x_wconf 85' lang='lat'>10</span> 
     </span>
     <span class='ocr_line' id='line_1_14' title="bbox 230 960 1702 1031; baseline -0.001 -16"><span class='ocrx_word' id='word_1_68' title='bbox 230 961 324 1015; x_wconf 92' lang='lat' dir='ltr'>VI.</span> <span class='ocrx_word' id='word_1_69' title='bbox 387 961 635 1015; x_wconf 83' lang='lat' dir='ltr'>Ceterum</span> <span class='ocrx_word' id='word_1_70' title='bbox 680 962 883 1015; x_wconf 78' lang='lat' dir='ltr'>Hector</span> <span class='ocrx_word' id='word_1_71' title='bbox 937 965 1222 1031; x_wconf 84' lang='lat' dir='ltr'>postquam</span> <span class='ocrx_word' id='word_1_72' title='bbox 1273 960 1339 1013; x_wconf 90' lang='lat' dir='ltr'>ad</span> <span class='ocrx_word' id='word_1_73' title='bbox 1386 979 1440 1013; x_wconf 92' lang='lat' dir='ltr'>se</span> <span class='ocrx_word' id='word_1_74' title='bbox 1488 961 1702 1031; x_wconf 86' lang='lat' dir='ltr'>agmine</span> 
     </span>
     <span class='ocr_line' id='line_1_15' title="bbox 89 1031 1704 1100; baseline 0 -16"><span class='ocrx_word' id='word_1_75' title='bbox 89 1031 287 1085; x_wconf 83' lang='lat' dir='ltr'>infesto</span> <span class='ocrx_word' id='word_1_76' title='bbox 325 1033 474 1085; x_wconf 89' lang='lat' dir='ltr'>tendi</span> <span class='ocrx_word' id='word_1_77' title='bbox 509 1033 669 1100; x_wconf 86' lang='lat' dir='ltr'>videt,</span> <span class='ocrx_word' id='word_1_78' title='bbox 709 1050 894 1086; x_wconf 79' lang='lat' dir='ltr'>causas</span> <span class='ocrx_word' id='word_1_79' title='bbox 925 1032 1034 1085; x_wconf 89' lang='lat' dir='ltr'>odii</span> <span class='ocrx_word' id='word_1_80' title='bbox 1072 1031 1381 1085; x_wconf 89' lang='lat' dir='ltr'>recordatus</span> <span class='ocrx_word' id='word_1_81' title='bbox 1418 1050 1532 1085; x_wconf 93' lang='lat' dir='ltr'>non</span> <span class='ocrx_word' id='word_1_82' title='bbox 1570 1032 1704 1084; x_wconf 90' lang='lat' dir='ltr'>ulte-</span> 
     </span>
     <span class='ocr_line' id='line_1_16' title="bbox 89 1103 1706 1172; baseline -0.001 -17"><span class='ocrx_word' id='word_1_83' title='bbox 89 1103 199 1155; x_wconf 88' lang='lat' dir='ltr'>rius</span> <span class='ocrx_word' id='word_1_84' title='bbox 257 1103 516 1172; x_wconf 87' lang='lat' dir='ltr'>impetum</span> <span class='ocrx_word' id='word_1_85' title='bbox 565 1104 667 1156; x_wconf 89' lang='lat' dir='ltr'>viri</span> <span class='ocrx_word' id='word_1_86' title='bbox 713 1104 942 1172; x_wconf 90' lang='lat' dir='ltr'>experiri</span> <span class='ocrx_word' id='word_1_87' title='bbox 989 1122 1148 1155; x_wconf 85' lang='lat' dir='ltr'>ausus</span> <span class='ocrx_word' id='word_1_88' title='bbox 1220 1121 1284 1155; x_wconf 88' lang='lat' dir='ltr'>ex</span> <span class='ocrx_word' id='word_1_89' title='bbox 1332 1103 1443 1155; x_wconf 90' lang='lat' dir='ltr'>acie</span> <span class='ocrx_word' id='word_1_90' title='bbox 1500 1103 1706 1155; x_wconf 88' lang='lat' dir='ltr'>subter-</span> 
     </span>
     <span class='ocr_line' id='line_1_17' title="bbox 90 1172 1703 1243; baseline 0 -18"><span class='ocrx_word' id='word_1_91' title='bbox 90 1172 245 1243; x_wconf 84' lang='lat' dir='ltr'>fugit.</span> <span class='ocrx_word' id='word_1_92' title='bbox 326 1178 548 1243; x_wconf 92' lang='lat' dir='ltr'>tumque</span> <span class='ocrx_word' id='word_1_93' title='bbox 594 1173 833 1227; x_wconf 92' lang='lat' dir='ltr'>Achilles</span> <span class='ocrx_word' id='word_1_94' title='bbox 891 1175 1162 1226; x_wconf 89' lang='lat' dir='ltr'>insecutus</span> <span class='ocrx_word' id='word_1_95' title='bbox 1231 1176 1494 1242; x_wconf 91' lang='lat' dir='ltr'>quantum</span> <span class='ocrx_word' id='word_1_96' title='bbox 1564 1173 1703 1225; x_wconf 88' lang='lat' dir='ltr'>acies</span> 
     </span>
     <span class='ocr_line' id='line_1_18' title="bbox 88 1241 1764 1313; baseline 0 -18"><span class='ocrx_word' id='word_1_97' title='bbox 88 1241 325 1296; x_wconf 89' lang='lat' dir='ltr'>hostium</span> <span class='ocrx_word' id='word_1_98' title='bbox 349 1244 668 1313; x_wconf 90' lang='lat' dir='ltr'>patiebatur,</span> <span class='ocrx_word' id='word_1_99' title='bbox 707 1244 774 1297; x_wconf 88' lang='lat' dir='ltr'>ad</span> <span class='ocrx_word' id='word_1_100' title='bbox 799 1248 1128 1313; x_wconf 88' lang='lat' dir='ltr'>postremum</span> <span class='ocrx_word' id='word_1_101' title='bbox 1166 1244 1427 1296; x_wconf 89' lang='lat' dir='ltr'>iaculatus</span> <span class='ocrx_word' id='word_1_102' title='bbox 1454 1244 1699 1313; x_wconf 86' lang='lat' dir='ltr'>aurigam</span> <span class='ocrx_word' id='word_1_103' title='bbox 1724 1258 1764 1291; x_wconf 84' lang='lat'>15</span> 
     </span>
     <span class='ocr_line' id='line_1_19' title="bbox 89 1314 1704 1384; baseline 0 -18"><span class='ocrx_word' id='word_1_104' title='bbox 89 1315 202 1367; x_wconf 91' lang='lat' dir='ltr'>eius</span> <span class='ocrx_word' id='word_1_105' title='bbox 249 1314 543 1383; x_wconf 81' lang='lat' dir='ltr'>interfecit,</span> <span class='ocrx_word' id='word_1_106' title='bbox 592 1318 879 1384; x_wconf 88' lang='lat' dir='ltr'>postquam</span> <span class='ocrx_word' id='word_1_107' title='bbox 915 1314 1119 1367; x_wconf 90' lang='lat' dir='ltr'>Hector</span> <span class='ocrx_word' id='word_1_108' title='bbox 1164 1333 1260 1383; x_wconf 90' lang='lat' dir='ltr'>per</span> <span class='ocrx_word' id='word_1_109' title='bbox 1297 1314 1457 1367; x_wconf 83' lang='lat' dir='ltr'>aliam</span> <span class='ocrx_word' id='word_1_110' title='bbox 1494 1317 1704 1383; x_wconf 88' lang='lat' dir='ltr'>partem</span> 
     </span>
     <span class='ocr_line' id='line_1_20' title="bbox 88 1384 1703 1455; baseline 0 -19"><span class='ocrx_word' id='word_1_111' title='bbox 88 1384 274 1437; x_wconf 87' lang='lat' dir='ltr'>relicto</span> <span class='ocrx_word' id='word_1_112' title='bbox 313 1403 471 1438; x_wconf 87' lang='lat' dir='ltr'>curru</span> <span class='ocrx_word' id='word_1_113' title='bbox 509 1385 805 1455; x_wconf 88' lang='lat' dir='ltr'>aufugerat.</span> <span class='ocrx_word' id='word_1_114' title='bbox 882 1386 1006 1438; x_wconf 91' lang='lat' dir='ltr'>dein</span> <span class='ocrx_word' id='word_1_115' title='bbox 1045 1389 1289 1455; x_wconf 88' lang='lat' dir='ltr'>ereptum</span> <span class='ocrx_word' id='word_1_116' title='bbox 1328 1385 1430 1437; x_wconf 91' lang='lat' dir='ltr'>sibi</span> <span class='ocrx_word' id='word_1_117' title='bbox 1469 1403 1496 1437; x_wconf 95' lang='lat' dir='ltr'>e</span> <span class='ocrx_word' id='word_1_118' title='bbox 1534 1385 1703 1438; x_wconf 89' lang='lat' dir='ltr'>mani-</span> 
     </span>
     <span class='ocr_line' id='line_1_21' title="bbox 88 1454 1704 1509; baseline 0.001 -2"><span class='ocrx_word' id='word_1_119' title='bbox 88 1454 187 1508; x_wconf 88' lang='lat' dir='ltr'>bus</span> <span class='ocrx_word' id='word_1_120' title='bbox 224 1455 650 1508; x_wconf 90' lang='lat' dir='ltr'>inimicissimum</span> <span class='ocrx_word' id='word_1_121' title='bbox 685 1456 926 1509; x_wconf 92' lang='lat' dir='ltr'>omnium</span> <span class='ocrx_word' id='word_1_122' title='bbox 965 1456 1152 1508; x_wconf 89' lang='lat' dir='ltr'>dolens</span> <span class='ocrx_word' id='word_1_123' title='bbox 1198 1475 1379 1508; x_wconf 88' lang='lat' dir='ltr'>rursus</span> <span class='ocrx_word' id='word_1_124' title='bbox 1420 1456 1704 1508; x_wconf 86' lang='lat' dir='ltr'>vehemen-</span> 
     </span>
     <span class='ocr_line' id='line_1_22' title="bbox 86 1525 1701 1595; baseline 0.001 -17"><span class='ocrx_word' id='word_1_125' title='bbox 86 1525 197 1578; x_wconf 88' lang='lat' dir='ltr'>tius</span> <span class='ocrx_word' id='word_1_126' title='bbox 245 1527 447 1579; x_wconf 84' lang='lat' dir='ltr'>saevire</span> <span class='ocrx_word' id='word_1_127' title='bbox 495 1529 838 1595; x_wconf 90' lang='lat' dir='ltr'>extractoque</span> <span class='ocrx_word' id='word_1_128' title='bbox 887 1545 951 1579; x_wconf 87' lang='lat' dir='ltr'>ex</span> <span class='ocrx_word' id='word_1_129' title='bbox 1001 1545 1223 1594; x_wconf 89' lang='lat' dir='ltr'>corpore</span> <span class='ocrx_word' id='word_1_130' title='bbox 1270 1527 1487 1595; x_wconf 88' lang='lat' dir='ltr'>aurigae</span> <span class='ocrx_word' id='word_1_131' title='bbox 1527 1526 1701 1579; x_wconf 93' lang='lat' dir='ltr'>iaculo</span> 
     </span>
     <span class='ocr_line' id='line_1_23' title="bbox 90 1595 1766 1666; baseline 0.001 -18"><span class='ocrx_word' id='word_1_132' title='bbox 90 1595 313 1648; x_wconf 89' lang='lat' dir='ltr'>fundere</span> <span class='ocrx_word' id='word_1_133' title='bbox 361 1597 547 1650; x_wconf 82' lang='lat' dir='ltr'>obvios</span> <span class='ocrx_word' id='word_1_134' title='bbox 598 1615 658 1649; x_wconf 91' lang='lat' dir='ltr'>ac</span> <span class='ocrx_word' id='word_1_135' title='bbox 704 1601 1001 1666; x_wconf 90' lang='lat' dir='ltr'>prostratos</span> <span class='ocrx_word' id='word_1_136' title='bbox 1057 1615 1178 1649; x_wconf 90' lang='lat' dir='ltr'>cum</span> <span class='ocrx_word' id='word_1_137' title='bbox 1225 1597 1359 1650; x_wconf 89' lang='lat' dir='ltr'>alios</span> <span class='ocrx_word' id='word_1_138' title='bbox 1406 1596 1699 1664; x_wconf 86' lang='lat' dir='ltr'>invaderet,</span> <span class='ocrx_word' id='word_1_139' title='bbox 1724 1613 1766 1644; x_wconf 76' lang='lat'>20</span> 
     </span>
     <span class='ocr_line' id='line_1_24' title="bbox 91 1667 1706 1737; baseline 0 -18"><span class='ocrx_word' id='word_1_140' title='bbox 91 1671 218 1720; x_wconf 80' lang='lat' dir='ltr'>alios</span> <span class='ocrx_word' id='word_1_141' title='bbox 263 1667 490 1736; x_wconf 88' lang='lat' dir='ltr'>desuper</span> <span class='ocrx_word' id='word_1_142' title='bbox 524 1667 843 1735; x_wconf 89' lang='lat' dir='ltr'>proculcans</span> <span class='ocrx_word' id='word_1_143' title='bbox 882 1671 1164 1737; x_wconf 88' lang='lat' dir='ltr'>optereret.</span> <span class='ocrx_word' id='word_1_144' title='bbox 1240 1669 1382 1720; x_wconf 87' lang='lat' dir='ltr'>inter</span> <span class='ocrx_word' id='word_1_145' title='bbox 1421 1686 1556 1736; x_wconf 90' lang='lat' dir='ltr'>quae</span> <span class='ocrx_word' id='word_1_146' title='bbox 1594 1670 1706 1720; x_wconf 91' lang='lat' dir='ltr'>tam</span> 
     </span>
     <span class='ocr_line' id='line_1_25' title="bbox 88 1737 1706 1808; baseline 0 -18"><span class='ocrx_word' id='word_1_147' title='bbox 88 1737 297 1805; x_wconf 86' lang='lat' dir='ltr'>trepida</span> <span class='ocrx_word' id='word_1_148' title='bbox 346 1738 550 1790; x_wconf 89' lang='lat' dir='ltr'>cunctis</span> <span class='ocrx_word' id='word_1_149' title='bbox 601 1737 935 1808; x_wconf 90' lang='lat' dir='ltr'>fugientibus</span> <span class='ocrx_word' id='word_1_150' title='bbox 985 1737 1226 1791; x_wconf 92' lang='lat' dir='ltr'>Helenus</span> <span class='ocrx_word' id='word_1_151' title='bbox 1283 1738 1585 1807; x_wconf 88' lang='lat' dir='ltr'>quaesitum</span> <span class='ocrx_word' id='word_1_152' title='bbox 1642 1756 1706 1791; x_wconf 86' lang='lat' dir='ltr'>ex</span> 
     </span>
     <span class='ocr_line' id='line_1_26' title="bbox 92 1807 1705 1877; baseline 0 -17"><span class='ocrx_word' id='word_1_153' title='bbox 92 1807 300 1860; x_wconf 80' lang='lat' dir='ltr'>occulto</span> <span class='ocrx_word' id='word_1_154' title='bbox 327 1808 538 1861; x_wconf 85' lang='lat' dir='ltr'>vulneri</span> <span class='ocrx_word' id='word_1_155' title='bbox 575 1809 751 1861; x_wconf 92' lang='lat' dir='ltr'>locum</span> <span class='ocrx_word' id='word_1_156' title='bbox 791 1809 883 1861; x_wconf 94' lang='lat' dir='ltr'>ubi</span> <span class='ocrx_word' id='word_1_157' title='bbox 914 1811 1104 1862; x_wconf 90' lang='lat' dir='ltr'>nactus</span> <span class='ocrx_word' id='word_1_158' title='bbox 1143 1812 1238 1877; x_wconf 92' lang='lat' dir='ltr'>est,</span> <span class='ocrx_word' id='word_1_159' title='bbox 1276 1827 1498 1861; x_wconf 93' lang='lat' dir='ltr'>manum</span> <span class='ocrx_word' id='word_1_160' title='bbox 1523 1808 1705 1861; x_wconf 90' lang='lat' dir='ltr'>Achil-</span> 
     </span>
     <span class='ocr_line' id='line_1_27' title="bbox 83 1877 1706 1950; baseline 0.001 -20"><span class='ocrx_word' id='word_1_161' title='bbox 83 1877 160 1939; x_wconf 84' lang='lat' dir='ltr'>lis</span> <span class='ocrx_word' id='word_1_162' title='bbox 186 1879 371 1944; x_wconf 88' lang='lat' dir='ltr'>procul</span> <span class='ocrx_word' id='word_1_163' title='bbox 396 1883 555 1946; x_wconf 88' lang='lat' dir='ltr'>atque</span> <span class='ocrx_word' id='word_1_164' title='bbox 594 1879 899 1948; x_wconf 85' lang='lat' dir='ltr'>inprovisus</span> <span class='ocrx_word' id='word_1_165' title='bbox 927 1880 1125 1950; x_wconf 88' lang='lat' dir='ltr'>sagitta</span> <span class='ocrx_word' id='word_1_166' title='bbox 1161 1880 1447 1949; x_wconf 86' lang='lat' dir='ltr'>transfigit.</span> <span class='ocrx_word' id='word_1_167' title='bbox 1522 1880 1599 1932; x_wconf 90' lang='lat' dir='ltr'>ita</span> <span class='ocrx_word' id='word_1_168' title='bbox 1624 1880 1706 1931; x_wconf 86' lang='lat' dir='ltr'>vir</span> 
     </span>
     <span class='ocr_line' id='line_1_28' title="bbox 92 1948 1770 2019; baseline 0.001 -19"><span class='ocrx_word' id='word_1_169' title='bbox 92 1966 122 2001; x_wconf 93' lang='lat' dir='ltr'>e</span> <span class='ocrx_word' id='word_1_170' title='bbox 189 1948 340 2019; x_wconf 87' lang='lat' dir='ltr'>egius</span> <span class='ocrx_word' id='word_1_171' title='bbox 376 1949 628 2018; x_wconf 87' lang='lat' dir='ltr'>bellandi,</span> <span class='ocrx_word' id='word_1_172' title='bbox 668 1950 817 2003; x_wconf 90' lang='lat' dir='ltr'>cuius</span> <span class='ocrx_word' id='word_1_173' title='bbox 854 1950 1088 2003; x_wconf 88' lang='lat' dir='ltr'>adventu</span> <span class='ocrx_word' id='word_1_174' title='bbox 1124 1951 1343 2002; x_wconf 85' lang='lat' dir='ltr'>territus</span> <span class='ocrx_word' id='word_1_175' title='bbox 1379 1949 1704 2019; x_wconf 87' lang='lat' dir='ltr'>fugatusque</span> <span class='ocrx_word' id='word_1_176' title='bbox 1729 1963 1770 1996; x_wconf 79' lang='lat'>25</span> 
     </span>
     <span class='ocr_line' id='line_1_29' title="bbox 153 2020 1706 2088; baseline 0 -16"><span class='ocrx_word' id='word_1_177' title='bbox 153 2022 324 2087; x_wconf 88' lang='lat' dir='ltr'>ector,</span> <span class='ocrx_word' id='word_1_178' title='bbox 362 2020 519 2072; x_wconf 88' lang='lat' dir='ltr'>multi</span> <span class='ocrx_word' id='word_1_179' title='bbox 556 2021 810 2073; x_wconf 83' lang='lat' dir='ltr'>mortales</span> <span class='ocrx_word' id='word_1_180' title='bbox 848 2039 969 2072; x_wconf 93' lang='lat' dir='ltr'>cum</span> <span class='ocrx_word' id='word_1_181' title='bbox 1009 2020 1229 2073; x_wconf 89' lang='lat' dir='ltr'>ducibus</span> <span class='ocrx_word' id='word_1_182' title='bbox 1277 2020 1529 2088; x_wconf 87' lang='lat' dir='ltr'>extincti,</span> <span class='ocrx_word' id='word_1_183' title='bbox 1569 2020 1706 2072; x_wconf 89' lang='lat' dir='ltr'>clam</span> 
     </span>
     <span class='ocr_line' id='line_1_30' title="bbox 96 2090 1703 2158; baseline 0.001 -16"><span class='ocrx_word' id='word_1_184' title='bbox 96 2092 256 2158; x_wconf 89' lang='lat' dir='ltr'>atque</span> <span class='ocrx_word' id='word_1_185' title='bbox 274 2108 339 2142; x_wconf 90' lang='lat' dir='ltr'>ex</span> <span class='ocrx_word' id='word_1_186' title='bbox 359 2091 567 2143; x_wconf 90' lang='lat' dir='ltr'>occulto</span> <span class='ocrx_word' id='word_1_187' title='bbox 589 2091 899 2143; x_wconf 86' lang='lat' dir='ltr'>vulneratus</span> <span class='ocrx_word' id='word_1_188' title='bbox 919 2109 982 2143; x_wconf 93' lang='lat' dir='ltr'>eo</span> <span class='ocrx_word' id='word_1_189' title='bbox 1003 2091 1088 2143; x_wconf 91' lang='lat' dir='ltr'>die</span> <span class='ocrx_word' id='word_1_190' title='bbox 1107 2092 1271 2143; x_wconf 91' lang='lat' dir='ltr'>finem</span> <span class='ocrx_word' id='word_1_191' title='bbox 1296 2090 1470 2144; x_wconf 90' lang='lat' dir='ltr'>bellan</span> <span class='ocrx_word' id='word_1_192' title='bbox 1480 2091 1532 2143; x_wconf 90' lang='lat' dir='ltr'>di</span> <span class='ocrx_word' id='word_1_193' title='bbox 1558 2091 1703 2143; x_wconf 83' lang='lat' dir='ltr'>fecit.</span> 
     </span>
     <span class='ocr_line' id='line_1_31' title="bbox 232 2159 1704 2230; baseline 0.001 -18"><span class='ocrx_word' id='word_1_194' title='bbox 232 2159 354 2213; x_wconf 92' lang='lat' dir='ltr'>VII.</span> <span class='ocrx_word' id='word_1_195' title='bbox 429 2160 653 2213; x_wconf 90' lang='lat' dir='ltr'>Interim</span> <span class='ocrx_word' id='word_1_196' title='bbox 700 2162 1078 2230; x_wconf 87' lang='lat' dir='ltr'>Agamemnon</span> <span class='ocrx_word' id='word_1_197' title='bbox 1134 2165 1188 2214; x_wconf 88' lang='lat' dir='ltr'>et</span> <span class='ocrx_word' id='word_1_198' title='bbox 1234 2179 1354 2214; x_wconf 92' lang='lat' dir='ltr'>cum</span> <span class='ocrx_word' id='word_1_199' title='bbox 1403 2179 1465 2214; x_wconf 93' lang='lat' dir='ltr'>eo</span> <span class='ocrx_word' id='word_1_200' title='bbox 1514 2162 1704 2214; x_wconf 85' lang='lat' dir='ltr'>Aiaces</span> 
     </span>
     <span class='ocr_line' id='line_1_32' title="bbox 92 2229 1706 2301; baseline 0.001 -20"><span class='ocrx_word' id='word_1_201' title='bbox 92 2229 199 2282; x_wconf 91' lang='lat' dir='ltr'>duo</span> <span class='ocrx_word' id='word_1_202' title='bbox 255 2230 397 2282; x_wconf 92' lang='lat' dir='ltr'>inter</span> <span class='ocrx_word' id='word_1_203' title='bbox 443 2234 672 2283; x_wconf 88' lang='lat' dir='ltr'>ceteram</span> <span class='ocrx_word' id='word_1_204' title='bbox 720 2234 952 2301; x_wconf 89' lang='lat' dir='ltr'>stragem</span> <span class='ocrx_word' id='word_1_205' title='bbox 991 2232 1303 2301; x_wconf 89' lang='lat' dir='ltr'>ignotorum</span> <span class='ocrx_word' id='word_1_206' title='bbox 1349 2232 1495 2284; x_wconf 91' lang='lat' dir='ltr'>nacti</span> <span class='ocrx_word' id='word_1_207' title='bbox 1542 2232 1706 2300; x_wconf 86' lang='lat' dir='ltr'>pluri-</span> 
     </span>
     <span class='ocr_line' id='line_1_33' title="bbox 91 2299 1770 2372; baseline 0.001 -20"><span class='ocrx_word' id='word_1_208' title='bbox 91 2317 208 2353; x_wconf 92' lang='lat' dir='ltr'>mos</span> <span class='ocrx_word' id='word_1_209' title='bbox 255 2299 457 2353; x_wconf 90' lang='lat' dir='ltr'>Priami</span> <span class='ocrx_word' id='word_1_210' title='bbox 502 2301 736 2354; x_wconf 90' lang='lat' dir='ltr'>filiorum</span> <span class='ocrx_word' id='word_1_211' title='bbox 793 2302 1147 2370; x_wconf 88' lang='lat' dir='ltr'>interficiunt,</span> <span class='ocrx_word' id='word_1_212' title='bbox 1205 2306 1365 2372; x_wconf 89' lang='lat' dir='ltr'>atque</span> <span class='ocrx_word' id='word_1_213' title='bbox 1418 2303 1704 2372; x_wconf 89' lang='lat' dir='ltr'>Agamem·</span> <span class='ocrx_word' id='word_1_214' title='bbox 1728 2315 1770 2348; x_wconf 79' lang='lat'>30</span> 
     </span>
     <span class='ocr_line' id='line_1_34' title="bbox 91 2372 1707 2442; baseline 0.001 -20"><span class='ocrx_word' id='word_1_215' title='bbox 91 2388 204 2423; x_wconf 94' lang='lat' dir='ltr'>non</span> <span class='ocrx_word' id='word_1_216' title='bbox 250 2372 510 2423; x_wconf 90' lang='lat' dir='ltr'>Arsacum</span> <span class='ocrx_word' id='word_1_217' title='bbox 558 2389 679 2424; x_wconf 92' lang='lat' dir='ltr'>cum</span> <span class='ocrx_word' id='word_1_218' title='bbox 726 2372 975 2442; x_wconf 90' lang='lat' dir='ltr'>Deiopite</span> <span class='ocrx_word' id='word_1_219' title='bbox 1022 2373 1452 2426; x_wconf 90' lang='lat' dir='ltr'>Archemachum</span> <span class='ocrx_word' id='word_1_220' title='bbox 1501 2372 1707 2425; x_wconf 88' lang='lat' dir='ltr'>Laudo-</span> 
     </span>
     <span class='ocr_line' id='line_1_35' title="bbox 94 2441 1707 2511; baseline 0.001 -18"><span class='ocrx_word' id='word_1_221' title='bbox 94 2458 215 2494; x_wconf 89' lang='lat' dir='ltr'>cum</span> <span class='ocrx_word' id='word_1_222' title='bbox 278 2445 331 2494; x_wconf 89' lang='lat' dir='ltr'>et</span> <span class='ocrx_word' id='word_1_223' title='bbox 391 2441 760 2511; x_wconf 91' lang='lat' dir='ltr'>Philenorem,</span> <span class='ocrx_word' id='word_1_224' title='bbox 833 2444 971 2496; x_wconf 89' lang='lat' dir='ltr'>Aiax</span> <span class='ocrx_word' id='word_1_225' title='bbox 1035 2443 1174 2497; x_wconf 89' lang='lat' dir='ltr'>Oilei</span> <span class='ocrx_word' id='word_1_226' title='bbox 1249 2447 1302 2496; x_wconf 88' lang='lat' dir='ltr'>et</span> <span class='ocrx_word' id='word_1_227' title='bbox 1363 2443 1707 2496; x_wconf 87' lang='lat' dir='ltr'>Telamonius</span> 
     </span>
    </p>
   </div>
   <div class='ocr_carea' id='block_1_4' title="bbox 92 2543 429 2550">
    <p class='ocr_par' dir='ltr' id='par_1_4' title="bbox 92 2543 429 2550">
     <span class='ocr_line' id='line_1_36' title="bbox 92 2543 429 2550; baseline 0 628"><span class='ocrx_word' id='word_1_228' title='bbox 92 2543 429 2550; x_wconf 95' lang='lat' dir='ltr'> </span> 
     </span>
    </p>
   </div>
   <div class='ocr_carea' id='block_1_5' title="bbox 94 2585 1708 2977">
    <p class='ocr_par' dir='ltr' id='par_1_5' title="bbox 204 2585 826 2639">
     <span class='ocr_line' id='line_1_37' title="bbox 204 2585 826 2639; baseline 0.003 -15"><span class='ocrx_word' id='word_1_229' title='bbox 204 2586 258 2625; x_wconf 87' lang='grc'>22</span> <span class='ocrx_word' id='word_1_230' title='bbox 289 2585 481 2627; x_wconf 87' lang='lat' dir='ltr'>Ptolem.</span> <span class='ocrx_word' id='word_1_231' title='bbox 517 2586 578 2627; x_wconf 85' lang='lat' dir='ltr'>VI</span> <span class='ocrx_word' id='word_1_232' title='bbox 611 2599 653 2639; x_wconf 87' lang='lat' dir='ltr'>p.</span> <span class='ocrx_word' id='word_1_233' title='bbox 684 2587 752 2638; x_wconf 86' lang='lat'>35,</span> <span class='ocrx_word' id='word_1_234' title='bbox 787 2589 826 2626; x_wconf 83' lang='lat'>2.</span> 
     </span>
    </p>

    <p class='ocr_par' dir='ltr' id='par_1_6' title="bbox 94 2697 1708 2977">
     <span class='ocr_line' id='line_1_38' title="bbox 208 2697 1702 2752; baseline 0.001 -15"><span class='ocrx_word' id='word_1_235' title='bbox 208 2698 258 2737; x_wconf 89' lang='grc'>12</span> <span class='ocrx_word' id='word_1_236' title='bbox 291 2697 421 2738; x_wconf 85' lang='lat' dir='ltr'>tendi</span> <span class='ocrx_word' id='word_1_237' title='bbox 453 2701 498 2739; x_wconf 90' lang='lat' dir='ltr'>et</span> <span class='ocrx_word' id='word_1_238' title='bbox 529 2711 693 2739; x_wconf 84' lang='lat' dir='ltr'>causas</span> <span class='ocrx_word' id='word_1_239' title='bbox 728 2699 806 2740; x_wconf 87' lang='lat' dir='ltr'>GB</span> <span class='ocrx_word' id='word_1_240' title='bbox 836 2712 951 2741; x_wconf 82' lang='lat' dir='ltr'>corr.</span> <span class='ocrx_word' id='word_1_241' title='bbox 988 2700 1025 2739; x_wconf 83' lang='lat' dir='ltr'>P</span> <span class='ocrx_word' id='word_1_242' title='bbox 1128 2701 1183 2739; x_wconf 89' lang='grc'>20</span> <span class='ocrx_word' id='word_1_243' title='bbox 1216 2698 1378 2740; x_wconf 84' lang='lat' dir='ltr'>obuios</span> <span class='ocrx_word' id='word_1_244' title='bbox 1418 2712 1471 2739; x_wconf 87' lang='lat' dir='ltr'>ac</span> <span class='ocrx_word' id='word_1_245' title='bbox 1507 2712 1572 2752; x_wconf 87' lang='lat' dir='ltr'>pr.</span> <span class='ocrx_word' id='word_1_246' title='bbox 1604 2712 1702 2739; x_wconf 81' lang='lat' dir='ltr'>cum</span> 
     </span>
     <span class='ocr_line' id='line_1_39' title="bbox 94 2753 1704 2809; baseline 0.002 -16"><span class='ocrx_word' id='word_1_247' title='bbox 94 2765 135 2793; x_wconf 80' lang='lat' dir='ltr'>a.</span> <span class='ocrx_word' id='word_1_248' title='bbox 174 2753 268 2794; x_wconf 88' lang='lat' dir='ltr'>inu.</span> <span class='ocrx_word' id='word_1_249' title='bbox 315 2766 369 2794; x_wconf 85' lang='lat' dir='ltr'>ac</span> <span class='ocrx_word' id='word_1_250' title='bbox 407 2754 502 2796; x_wconf 86' lang='lat' dir='ltr'>des.</span> <span class='ocrx_word' id='word_1_251' title='bbox 542 2768 606 2807; x_wconf 88' lang='lat' dir='ltr'>pr.</span> <span class='ocrx_word' id='word_1_252' title='bbox 649 2755 727 2796; x_wconf 86' lang='lat' dir='ltr'>GB</span> <span class='ocrx_word' id='word_1_253' title='bbox 796 2769 898 2796; x_wconf 89' lang='lat' dir='ltr'>cum</span> <span class='ocrx_word' id='word_1_254' title='bbox 938 2768 1002 2809; x_wconf 84' lang='lat' dir='ltr'>pr.</span> <span class='ocrx_word' id='word_1_255' title='bbox 1043 2769 1083 2795; x_wconf 87' lang='lat' dir='ltr'>a.</span> <span class='ocrx_word' id='word_1_256' title='bbox 1124 2756 1216 2797; x_wconf 87' lang='lat' dir='ltr'>inu.</span> <span class='ocrx_word' id='word_1_257' title='bbox 1252 2755 1450 2806; x_wconf 86' lang='lat' dir='ltr'>desuper</span> <span class='ocrx_word' id='word_1_258' title='bbox 1489 2768 1542 2795; x_wconf 87' lang='lat' dir='ltr'>ac</span> <span class='ocrx_word' id='word_1_259' title='bbox 1581 2767 1704 2807; x_wconf 86' lang='lat' dir='ltr'>proc.</span> 
     </span>
     <span class='ocr_line' id='line_1_40' title="bbox 95 2807 1708 2864; baseline 0.001 -14"><span class='ocrx_word' id='word_1_260' title='bbox 95 2807 329 2850; x_wconf 84' lang='lat' dir='ltr'>obtereret</span> <span class='ocrx_word' id='word_1_261' title='bbox 369 2810 431 2860; x_wconf 90' lang='lat' dir='ltr'>A,</span> <span class='ocrx_word' id='word_1_262' title='bbox 481 2809 597 2852; x_wconf 82' lang='lat' dir='ltr'>alios</span> <span class='ocrx_word' id='word_1_263' title='bbox 636 2825 658 2852; x_wconf 86' lang='lat' dir='ltr'>e</span> <span class='ocrx_word' id='word_1_264' title='bbox 699 2813 943 2853; x_wconf 78' lang='lat' dir='ltr'>coniectura</span> <span class='ocrx_word' id='word_1_265' title='bbox 980 2813 1226 2864; x_wconf 79' lang='lat' dir='ltr'>scripsimus</span> <span class='ocrx_word' id='word_1_266' title='bbox 1355 2813 1407 2851; x_wconf 82' lang='lat'>21</span> <span class='ocrx_word' id='word_1_267' title='bbox 1451 2814 1631 2864; x_wconf 81' lang='lat' dir='ltr'>opteret</span> <span class='ocrx_word' id='word_1_268' title='bbox 1673 2811 1708 2852; x_wconf 82' lang='lat' dir='ltr'><em>G</em></span> 
     </span>
     <span class='ocr_line' id='line_1_41' title="bbox 99 2862 1707 2921; baseline 0.001 -16"><span class='ocrx_word' id='word_1_269' title='bbox 99 2862 366 2918; x_wconf 74' lang='lat' dir='ltr'>{oppeteret</span> <span class='ocrx_word' id='word_1_270' title='bbox 389 2865 431 2905; x_wconf 91' lang='lat' dir='ltr'><em>B</em></span> <span class='ocrx_word' id='word_1_271' title='bbox 491 2865 720 2908; x_wconf 84' lang='lat' dir='ltr'>obtereret</span> <span class='ocrx_word' id='word_1_272' title='bbox 746 2881 776 2920; x_wconf 77' lang='lat'><em>9</em></span> <span class='ocrx_word' id='word_1_273' title='bbox 892 2870 945 2909; x_wconf 89' lang='lat'>31</span> <span class='ocrx_word' id='word_1_274' title='bbox 976 2880 1077 2907; x_wconf 88' lang='lat' dir='ltr'>cum</span> <span class='ocrx_word' id='word_1_275' title='bbox 1112 2880 1188 2908; x_wconf 90' lang='lat' dir='ltr'>om.</span> <span class='ocrx_word' id='word_1_276' title='bbox 1220 2867 1255 2908; x_wconf 79' lang='lat' dir='ltr'><em>G</em></span> <span class='ocrx_word' id='word_1_277' title='bbox 1289 2866 1295 2921; x_wconf 76' lang='grc' dir='ltr'>Ι</span> <span class='ocrx_word' id='word_1_278' title='bbox 1331 2867 1594 2920; x_wconf 87' lang='lat' dir='ltr'>deiopitheo</span> <span class='ocrx_word' id='word_1_279' title='bbox 1629 2866 1707 2908; x_wconf 75' lang='grc' dir='ltr'>ΘΒ</span> 
     </span>
     <span class='ocr_line' id='line_1_42' title="bbox 96 2921 1304 2977; baseline 0.005 -17"><span class='ocrx_word' id='word_1_280' title='bbox 96 2926 283 2962; x_wconf 72' lang='lat' dir='ltr'>nostrum</span> <span class='ocrx_word' id='word_1_281' title='bbox 315 2921 540 2963; x_wconf 71' lang='lat' dir='ltr'>Mer-cerus</span> <span class='ocrx_word' id='word_1_282' title='bbox 654 2925 708 2966; x_wconf 88' lang='grc'>32</span> <span class='ocrx_word' id='word_1_283' title='bbox 741 2927 787 2965; x_wconf 79' lang='lat' dir='ltr'>et</span> <span class='ocrx_word' id='word_1_284' title='bbox 817 2929 915 2977; x_wconf 80' lang='lat' dir='ltr'>post</span> <span class='ocrx_word' id='word_1_285' title='bbox 947 2923 1067 2966; x_wconf 85' lang='lat' dir='ltr'>Oilei</span> <span class='ocrx_word' id='word_1_286' title='bbox 1098 2937 1173 2965; x_wconf 91' lang='lat' dir='ltr'>om.</span> <span class='ocrx_word' id='word_1_287' title='bbox 1210 2923 1304 2967; x_wconf 82' lang='lat' dir='ltr'>GB.</span> 
     </span>
    </p>
   </div>
   <div class='ocr_carea' id='block_1_6' title="bbox 245 2663 431 2669">
    <p class='ocr_par' dir='ltr' id='par_1_7' title="bbox 245 2663 431 2669">
     <span class='ocr_line' id='line_1_43' title="bbox 245 2663 431 2669; baseline 0 0"><span class='ocrx_word' id='word_1_288' title='bbox 245 2663 431 2669; x_wconf 95' lang='lat' dir='ltr'> </span> 
     </span>
    </p>
   </div>
  </div>
 </body>
</html>
