1956 3178
131 15 150 31 ς.
194 0 249 25 ’ὂὟ
272 0 310 26 ‘Li

52 87 66 94 Δ,
172 83 175 86 Δ

6 120 20 135 ,
84 113 93 121 .

2 138 27 158 ,Ψ-
131 150 134 154 -

47 263 335 317 consilium
371 261 474 314 viri
513 260 778 328 simulque
814 258 1180 329 praedicantes
1217 258 1283 311 ad
1321 258 1527 312 caelum
1563 259 1664 312 tol-

49 334 184 401 lere,
233 332 437 387 scilicet
483 330 628 400 quod
682 348 803 383 cum
850 330 1048 383 virtute
1098 330 1364 398 corporiS,
1421 332 1539 382 tum
1586 330 1665 382 in-

89 404 212 457 enio
260 403 538 456 universos
586 401 828 455 anteiret.
925 403 1050 469 post
1100 419 1236 469 quae
1286 401 1666 470 Agamemnon

90 492 242 528 ocere
281 492 335 526 se
374 477 428 526 et
464 475 588 525 ante
636 471 704 523 ad
747 471 1202 524 reconciliandum
1241 471 1495 524 Achillen
1532 472 1661 524 mul-

51 548 138 598 tos
173 545 380 597 misisse
420 547 472 596 et
507 560 651 595 nunc
688 542 826 594 nihil
864 542 1009 594 aliud
1054 541 1201 595 cordi
1239 560 1367 595 esse.
1442 560 1503 595 ac
1540 561 1666 595 mox
1689 561 1708 593 5

7 616 9 624 ’
54 614 255 669 Ulixen
280 618 440 683 atque
478 614 655 682 ipsum
679 613 901 665 Aiacem
928 631 1096 693 orare,
1136 613 1468 681 susciperent
1504 631 1667 684 nego-

50 686 189 740 tium
227 688 387 754 atque
425 684 491 737 ad
528 702 650 736 eum
686 683 907 736 nomine
946 683 1187 736 omnium
1224 684 1390 752 irent,
1436 685 1667 737 maxime

52 756 196 826 quod
244 757 384 808 Aiax
433 755 755 824 cognatione
802 754 971 807 fretus
1026 755 1408 822 impetraturus
1454 755 1669 807 veniam

49 827 260 880 facilius
308 826 635 880 credebatur.
713 825 882 895 igitur
927 825 1009 877 his
1058 843 1275 894 operam
1325 843 1476 877 suam
1513 825 1668 893 polli-

52 898 296 951 centibus
334 898 534 950 iturum
572 914 627 949 se
664 914 773 948 una
809 895 1097 948 Diomedes
1135 899 1326 964 sponte
1364 895 1453 948 ait.
1693 915 1732 946 ιο

194 967 386 1020 XLIX.
461 966 561 1019 His
599 967 730 1019 actis
768 967 1146 1037 Agamemnon
1192 966 1399 1018 adferre
1436 966 1668 1019 hostiam

57 1038 268 1092 lictores
316 1039 466 1090 iubet
512 1055 573 1090 ac
620 1056 745 1091 mox
802 1038 1012 1090 sublata
1071 1055 1229 1106 super
1274 1041 1498 1106 terram,
1549 1056 1668 1090 cum

57 1108 189 1177 du0,
227 1109 420 1178 quibus
458 1109 778 1177 imperatum
817 1111 956 1177 erat,
1005 1126 1316 1176 suspensam
1359 1108 1669 1176 retinerent,

57 1179 296 1260 gladium
342 1179 538 1249 vagina
586 1178 763 1231 educit
809 1197 979 1247 eoque
1016 1179 1265 1232 bifariam
1306 1179 1538 1231 excisam
1575 1179 1670 1231 110-

58 1250 216 1303 stiam
253 1250 312 1302 in
350 1253 655 1330 conspectU,
695 1250 775 1302 uti
801 1249 1070 1317 diviserat,
1113 1249 1363 1302 collocat:
1405 1249 1529 1302 dein
1566 1250 1668 1301 fer·
1694 1267 1733 1299 15

56 1338 175 1373 rum
222 1321 482 1401 sanguine
532 1320 759 1373 oblitum
806 1339 969 1372 manu
1018 1320 1256 1372 retinens
1293 1320 1436 1372 inter
1473 1323 1671 1372 utram-

55 1409 159 1460 que
207 1409 345 1444 sacr1
391 1393 599 1460 partem
646 1390 851 1443 medius
899 1390 1060 1446 vadit.
1135 1391 1351 1443 interim
1390 1390 1671 1444 Patroclus

58 1461 275 1542 cognito
315 1462 459 1530 quod
494 1462 785 1530 parabatur
822 1462 879 1513 in
906 1461 1190 1514 consilium
1229 1465 1554 1530 supervenit.
1617 1466 1673 1514 at

53 1550 149 1584 rex
186 1532 324 1585 sicut
361 1551 521 1601 supra
558 1532 787 1584 diximus
834 1536 1197 1602 transgressus
1236 1533 1303 1584 ad
1339 1535 1672 1600 postremum

56 1603 198 1655 iurat
242 1603 559 1655 inviolatam
606 1621 638 1654 a
683 1621 738 1655 se
786 1603 844 1654 in
893 1621 1015 1655 eum
1064 1602 1205 1655 diem
1253 1602 1670 1671 Hippodamiam
1693 1618 1736 1652 20

55 1673 313 1726 mansisse
349 1691 524 1742 neque
563 1673 853 1741 cupiditate
888 1673 1000 1726 ulla
1036 1676 1130 1725 aut
1167 1673 1432 1726 desiderio
1471 1674 1671 1726 laesam

58 1744 150 1796 sed
195 1744 299 1812 ira,
357 1762 462 1813 qua
508 1744 741 1813 plurima
786 1744 927 1796 mala
965 1744 1347 1812 conficiuntur,
1402 1763 1464 1797 eo
1504 1763 1672 1813 usque

56 1814 393 1884 processisse.
460 1814 543 1867 his
591 1813 738 1867 addit
785 1832 977 1884 cupere
1026 1834 1080 1867 se
1127 1818 1428 1883 praeterea,
1479 1816 1524 1867 si
1569 1816 1673 1884 ipsi

57 1885 219 1938 etiam
255 1885 549 1953 videretur,
612 1885 843 1938 filiarum
854 1927 867 1954 ,
918 1904 1053 1954 quae
1103 1887 1151 1937 ei
1197 1886 1344 1939 cordi
1392 1889 1553 1954 esset,
1615 1887 1674 1938 in

58 1955 460 2008 matrimonium
507 1955 631 2008 dare
671 1956 1035 2024 decimamque
1083 1957 1237 2025 regni
1286 1956 1460 2008 omnis
1498 1974 1558 2009 ac
1596 1960 1673 2008 ta-
1697 1971 1739 2004 25

58 2025 207 2080 lenta
251 2027 646 2107 quinquaginta
695 2026 807 2079 doti
858 2026 1119 2096 adiungit.
1205 2045 1340 2095 quae
1389 2027 1482 2078 ubi
1530 2045 1674 2079 acce-

31 2114 184 2166 opere
222 2097 315 2166 qui
351 2097 410 2149 in
448 2097 672 2150 consilio
712 2100 880 2164 erant,
920 2098 1191 2150 ammirari
1215 2097 1674 2167 magnificentiam

59 2167 200 2237 regis
237 2170 572 2236 maximeque
611 2167 916 2247 PatrocluS‚
957 2168 1049 2236 qui
1089 2185 1209 2220 cum
1248 2168 1520 2220 oblatione
1557 2171 1674 2221 tan-

58 2239 234 2290 tarum
281 2255 468 2307 opum,
523 2241 638 2290 tum
685 2240 969 2307 praecipue
1020 2238 1216 2306 laetus,
1277 2238 1422 2307 quod
1473 2239 1675 2291 intacta

61 2306 423 2388 Hippodamia
454 2280 864 2376 adfirmaretur,
914 2309 981 2361 ad
1018 2309 1271 2361 Achillen
1319 2309 1468 2361 venit
1518 2310 1673 2378 eique
1697 2324 1739 2357 30

61 2378 312 2430 universa
349 2382 502 2448 gesta
537 2382 696 2448 atque
734 2382 854 2432 acta
890 2379 1068 2432 refert.

202 2447 262 2501 L.
325 2448 468 2501 Dein
517 2449 608 2501 ubi
645 2467 738 2502 rex
777 2468 864 2519 ea,
912 2468 1047 2519 quae
1085 2450 1384 2518 audiverat,
1431 2450 1674 2502 volutare

67 2518 246 2572 animo
285 2537 346 2572 ac
385 2519 675 2572 deliberare
723 2539 901 2573 secum
946 2521 1060 2601 ipse
1099 2521 1328 2588 occepit,
1369 2521 1677 2601 supervenit

65 2606 185 2642 cum
234 2590 552 2659 supradictis
600 2591 756 2644 Aiax.
840 2595 957 2644 tum
1006 2592 1276 2671 ingressos
1322 2609 1413 2643 eos
1460 2609 1521 2644 ac
1567 2594 1676 2645 iam

21 2722 26 2727 ἢ
62 2658 296 2738 benigne
322 2660 579 2714 salutatos
603 2661 782 2714 sedere
809 2662 1056 2714 hortatur
1081 2663 1335 2729 iuxtaque
1362 2679 1416 2714 se
1436 2663 1674 2715 Aiacem.
1700 2678 1741 2712 35

48 2730 159 2798 =qui
203 2733 413 2798 tempus
471 2731 726 2800 loquendi
782 2735 971 2785 nactus
1017 2732 1355 2784 familiariter
1402 2735 1456 2785 et
1505 2734 1572 2785 ob
1623 2732 1677 2784 id

446 184 454 190 ,
486 134 673 177 BELLI
703 134 957 177 TROIANI
987 133 1106 176 LIB.
1138 133 1196 178 11.
1594 132 1664 185 49

177 2931 231 2971 23
258 2930 367 2981 fort.
403 2931 682 2983 processisse
712 2944 760 2973 se
868 2933 923 2972 24
957 2931 1096 2972 etiam
1125 2931 1215 2984 ipsi
1244 2933 1414 2984 vulyata
1443 2934 1566 2973 lectio
1598 2939 1675 2974 esc.

149 3003 300 3037 Dmnrs.
1397 3018 1425 3058 4
