<?xml version="1.0" encoding="UTF-8"?>
<!DOCTYPE html PUBLIC "-//W3C//DTD XHTML 1.0 Transitional//EN"
    "http://www.w3.org/TR/xhtml1/DTD/xhtml1-transitional.dtd">
<html xmlns="http://www.w3.org/1999/xhtml" xml:lang="en" lang="en">
 <head>
  <title>
</title>
<meta http-equiv="Content-Type" content="text/html;charset=utf-8" />
  <meta name='ocr-system' content='tesseract 3.04.00' />
  <meta name='ocr-capabilities' content='ocr_page ocr_carea ocr_par ocr_line ocrx_word'/>
</head>
<body>
  <div class='ocr_page' id='page_1' title='image "./dictyscretensise00dictuoft_0214.png"; bbox 0 0 1956 3178; ppageno 0'>
   <div class='ocr_carea' id='block_1_1' title="bbox 1538 0 1956 268">
    <p class='ocr_par' dir='ltr' id='par_1_1' title="bbox 1538 0 1956 268">
     <span class='ocr_line' id='line_1_1' title="bbox 1538 0 1956 268; baseline 0 2910"><span class='ocrx_word' id='word_1_1' title='bbox 1538 0 1956 268; x_wconf 95' lang='lat' dir='ltr'> </span> 
     </span>
    </p>
   </div>
   <div class='ocr_carea' id='block_1_2' title="bbox 171 159 1210 236">
    <p class='ocr_par' dir='ltr' id='par_1_2' title="bbox 171 159 1210 236">
     <span class='ocr_line' id='line_1_2' title="bbox 171 159 1210 236; baseline 0.003 -13"><span class='ocrx_word' id='word_1_2' title='bbox 171 198 393 236; x_wconf 84' lang='lat' dir='ltr'>xxxvm</span> <span class='ocrx_word' id='word_1_3' title='bbox 791 159 1210 227; x_wconf 72' lang='lat' dir='ltr'><strong>PRAEFATIO</strong></span> 
     </span>
    </p>
   </div>
   <div class='ocr_carea' id='block_1_3' title="bbox 171 299 1833 370">
    <p class='ocr_par' dir='ltr' id='par_1_3' title="bbox 171 299 1833 370">
     <span class='ocr_line' id='line_1_3' title="bbox 171 299 1833 370; baseline 0.005 -18"><span class='ocrx_word' id='word_1_4' title='bbox 171 299 359 353; x_wconf 87' lang='lat' dir='ltr'>Koeta.</span> <span class='ocrx_word' id='word_1_5' title='bbox 406 300 553 354; x_wconf 92' lang='lat' dir='ltr'>VIII.</span> <span class='ocrx_word' id='word_1_6' title='bbox 578 300 858 370; x_wconf 83' lang='lat' dir='ltr'>Agameno</span> <span class='ocrx_word' id='word_1_7' title='bbox 883 302 1113 370; x_wconf 76' lang='lat' dir='ltr'><strong>sumpsit</strong></span> <span class='ocrx_word' id='word_1_8' title='bbox 1134 301 1426 355; x_wconf 83' lang='lat' dir='ltr'>Rizeudam</span> <span class='ocrx_word' id='word_1_9' title='bbox 1449 304 1617 358; x_wconf 86' lang='lat' dir='ltr'>filiam</span> <span class='ocrx_word' id='word_1_10' title='bbox 1648 325 1833 361; x_wconf 81' lang='lat' dir='ltr'>sacer-</span> 
     </span>
    </p>
   </div>
   <div class='ocr_carea' id='block_1_4' title="bbox 173 367 1956 516">
    <p class='ocr_par' dir='ltr' id='par_1_4' title="bbox 173 367 1956 516">
     <span class='ocr_line' id='line_1_4' title="bbox 174 367 1956 447; baseline -0.002 -21"><span class='ocrx_word' id='word_1_11' title='bbox 174 374 312 426; x_wconf 87' lang='lat' dir='ltr'>dotis</span> <span class='ocrx_word' id='word_1_12' title='bbox 367 374 626 441; x_wconf 81' lang='lat' dir='ltr'>Rizeus‚</span> <span class='ocrx_word' id='word_1_13' title='bbox 676 392 906 444; x_wconf 81' lang='lat' dir='ltr'>magnus</span> <span class='ocrx_word' id='word_1_14' title='bbox 961 375 1202 443; x_wconf 82' lang='lat' dir='ltr'>morbus,</span> <span class='ocrx_word' id='word_1_15' title='bbox 1257 377 1338 428; x_wconf 91' lang='lat' dir='ltr'>ira</span> <span class='ocrx_word' id='word_1_16' title='bbox 1390 377 1831 447; x_wconf 65' lang='lat' dir='ltr'>Aciles,Aiak§12</span> <span class='ocrx_word' id='word_1_17' title='bbox 1926 367 1956 397; x_wconf 70' lang='lat'><strong>⁴</strong></span> 
     </span>
     <span class='ocr_line' id='line_1_5' title="bbox 173 447 1836 516; baseline 0 -17"><span class='ocrx_word' id='word_1_18' title='bbox 173 465 417 516; x_wconf 83' lang='lat' dir='ltr'>egressus</span> <span class='ocrx_word' id='word_1_19' title='bbox 472 450 554 499; x_wconf 91' lang='lat' dir='ltr'>est</span> <span class='ocrx_word' id='word_1_20' title='bbox 600 451 786 500; x_wconf 88' lang='lat' dir='ltr'>contra</span> <span class='ocrx_word' id='word_1_21' title='bbox 834 447 1140 516; x_wconf 73' lang='lat' dir='ltr'>Nestorem,</span> <span class='ocrx_word' id='word_1_22' title='bbox 1201 449 1506 502; x_wconf 74' lang='lat' dir='ltr'><strong>Alexander</strong></span> <span class='ocrx_word' id='word_1_23' title='bbox 1557 451 1712 504; x_wconf 61' lang='lat' dir='ltr'>Faria</span> <span class='ocrx_word' id='word_1_24' title='bbox 1765 457 1836 506; x_wconf 67' lang='lat' dir='ltr'>et:</span> 
     </span>
    </p>
   </div>
   <div class='ocr_carea' id='block_1_5' title="bbox 171 491 1831 668">
    <p class='ocr_par' dir='ltr' id='par_1_5' title="bbox 171 491 1831 668">
     <span class='ocr_line' id='line_1_6' title="bbox 171 491 1817 588; baseline 0.005 -17"><span class='ocrx_word' id='word_1_25' title='bbox 171 519 444 572; x_wconf 81' lang='lat' dir='ltr'>Menelaus</span> <span class='ocrx_word' id='word_1_26' title='bbox 481 523 702 588; x_wconf 81' lang='lat' dir='ltr'>certant,</span> <span class='ocrx_word' id='word_1_27' title='bbox 742 521 961 573; x_wconf 87' lang='lat' dir='ltr'>Venusa</span> <span class='ocrx_word' id='word_1_28' title='bbox 999 491 1216 574; x_wconf 89' lang='lat' dir='ltr'>domina</span> <span class='ocrx_word' id='word_1_29' title='bbox 1256 524 1452 576; x_wconf 85' lang='lat' dir='ltr'>auxilio</span> <span class='ocrx_word' id='word_1_30' title='bbox 1491 526 1650 578; x_wconf 84' lang='lat' dir='ltr'>venit.</span> <span class='ocrx_word' id='word_1_31' title='bbox 1724 525 1817 580; x_wconf 83' lang='lat' dir='ltr'>IX.</span> 
     </span>
     <span class='ocr_line' id='line_1_7' title="bbox 172 592 1831 668; baseline 0.003 -21"><span class='ocrx_word' id='word_1_32' title='bbox 172 592 491 647; x_wconf 72' lang='lat' dir='ltr'>Potrokolus</span> <span class='ocrx_word' id='word_1_33' title='bbox 555 595 835 662; x_wconf 86' lang='lat' dir='ltr'>occiditur,</span> <span class='ocrx_word' id='word_1_34' title='bbox 897 595 1079 647; x_wconf 74' lang='lat' dir='ltr'>Tetisa</span> <span class='ocrx_word' id='word_1_35' title='bbox 1130 596 1241 649; x_wconf 90' lang='lat' dir='ltr'>filio</span> <span class='ocrx_word' id='word_1_36' title='bbox 1294 615 1436 649; x_wconf 84' lang='lat' dir='ltr'>nova</span> <span class='ocrx_word' id='word_1_37' title='bbox 1498 616 1648 650; x_wconf 89' lang='lat' dir='ltr'>arma</span> <span class='ocrx_word' id='word_1_38' title='bbox 1698 598 1831 668; x_wconf 76' lang='lat' dir='ltr'>fert„</span> 
     </span>
    </p>
   </div>
   <div class='ocr_carea' id='block_1_6' title="bbox 95 667 1829 739">
    <p class='ocr_par' dir='ltr' id='par_1_6' title="bbox 95 667 1829 739">
     <span class='ocr_line' id='line_1_8' title="bbox 95 667 1829 739; baseline 0.004 -21"><span class='ocrx_word' id='word_1_39' title='bbox 95 679 101 683; x_wconf 80' lang='grc'><em>·</em></span> <span class='ocrx_word' id='word_1_40' title='bbox 174 668 440 719; x_wconf 90' lang='lat' dir='ltr'>somnium</span> <span class='ocrx_word' id='word_1_41' title='bbox 478 667 768 736; x_wconf 85' lang='lat' dir='ltr'>Evtropiae</span> <span class='ocrx_word' id='word_1_42' title='bbox 809 667 1010 739; x_wconf 68' lang='lat' dir='ltr'>(paullo</span> <span class='ocrx_word' id='word_1_43' title='bbox 1047 669 1194 734; x_wconf 67' lang='lat' dir='ltr'>infra</span> <span class='ocrx_word' id='word_1_44' title='bbox 1241 669 1580 738; x_wconf 85' lang='lat' dir='ltr'>Androphia)</span> <span class='ocrx_word' id='word_1_45' title='bbox 1634 673 1829 725; x_wconf 42' lang='lat' dir='ltr'>uxoris„</span> 
     </span>
    </p>
   </div>
   <div class='ocr_carea' id='block_1_7' title="bbox 170 739 1898 3006">
    <p class='ocr_par' dir='ltr' id='par_1_7' title="bbox 170 739 1831 1892">
     <span class='ocr_line' id='line_1_9' title="bbox 171 739 1813 812; baseline 0.003 -20"><span class='ocrx_word' id='word_1_46' title='bbox 171 739 414 809; x_wconf 87' lang='lat' dir='ltr'>Ektoris,</span> <span class='ocrx_word' id='word_1_47' title='bbox 466 741 640 794; x_wconf 86' lang='lat' dir='ltr'>Ektor</span> <span class='ocrx_word' id='word_1_48' title='bbox 693 742 1010 794; x_wconf 87' lang='lat' dir='ltr'>interficitur</span> <span class='ocrx_word' id='word_1_49' title='bbox 1064 743 1130 794; x_wconf 89' lang='lat' dir='ltr'>ab</span> <span class='ocrx_word' id='word_1_50' title='bbox 1185 743 1385 810; x_wconf 76' lang='lat' dir='ltr'>Aciles,</span> <span class='ocrx_word' id='word_1_51' title='bbox 1439 742 1716 812; x_wconf 68' lang='lat' dir='ltr'>Prejamus</span> <span class='ocrx_word' id='word_1_52' title='bbox 1753 746 1813 798; x_wconf 88' lang='lat' dir='ltr'>in</span> 
     </span>
     <span class='ocr_line' id='line_1_10' title="bbox 170 815 1820 883; baseline 0.003 -18"><span class='ocrx_word' id='word_1_53' title='bbox 170 815 462 866; x_wconf 83' lang='lat' dir='ltr'>tentorium</span> <span class='ocrx_word' id='word_1_54' title='bbox 500 815 677 867; x_wconf 73' lang='lat' dir='ltr'>Aciles</span> <span class='ocrx_word' id='word_1_55' title='bbox 716 816 884 883; x_wconf 84' lang='lat' dir='ltr'>venit,</span> <span class='ocrx_word' id='word_1_56' title='bbox 939 815 1115 867; x_wconf 71' lang='lat' dir='ltr'>Aciles</span> <span class='ocrx_word' id='word_1_57' title='bbox 1154 816 1212 867; x_wconf 93' lang='lat' dir='ltr'>in</span> <span class='ocrx_word' id='word_1_58' title='bbox 1266 817 1467 883; x_wconf 90' lang='lat' dir='ltr'>templo</span> <span class='ocrx_word' id='word_1_59' title='bbox 1515 816 1705 870; x_wconf 85' lang='lat' dir='ltr'>Troiae</span> <span class='ocrx_word' id='word_1_60' title='bbox 1745 818 1820 870; x_wconf 86' lang='lat' dir='ltr'>ab</span> 
     </span>
     <span class='ocr_line' id='line_1_11' title="bbox 171 886 1816 956; baseline 0.002 -17"><span class='ocrx_word' id='word_1_61' title='bbox 171 886 373 939; x_wconf 73' lang='lat' dir='ltr'>Elenus</span> <span class='ocrx_word' id='word_1_62' title='bbox 412 906 696 956; x_wconf 87' lang='lat' dir='ltr'>percussus</span> <span class='ocrx_word' id='word_1_63' title='bbox 734 889 791 939; x_wconf 92' lang='lat' dir='ltr'>in</span> <span class='ocrx_word' id='word_1_64' title='bbox 816 889 970 940; x_wconf 90' lang='lat' dir='ltr'>calce.</span> <span class='ocrx_word' id='word_1_65' title='bbox 1045 887 1109 940; x_wconf 92' lang='lat' dir='ltr'>X.</span> <span class='ocrx_word' id='word_1_66' title='bbox 1133 888 1352 940; x_wconf 69' lang='lat' dir='ltr'>Ureksis</span> <span class='ocrx_word' id='word_1_67' title='bbox 1393 893 1446 940; x_wconf 88' lang='lat' dir='ltr'>et</span> <span class='ocrx_word' id='word_1_68' title='bbox 1475 889 1653 942; x_wconf 73' lang='lat' dir='ltr'>Iaiaks</span> <span class='ocrx_word' id='word_1_69' title='bbox 1692 908 1816 943; x_wconf 89' lang='lat' dir='ltr'>con·</span> 
     </span>
     <span class='ocr_line' id='line_1_12' title="bbox 170 961 1812 1030; baseline 0.002 -18"><span class='ocrx_word' id='word_1_70' title='bbox 170 961 400 1012; x_wconf 88' lang='lat' dir='ltr'>tendunt</span> <span class='ocrx_word' id='word_1_71' title='bbox 438 962 501 1013; x_wconf 87' lang='lat' dir='ltr'>de</span> <span class='ocrx_word' id='word_1_72' title='bbox 542 962 721 1029; x_wconf 87' lang='lat' dir='ltr'>armis,</span> <span class='ocrx_word' id='word_1_73' title='bbox 758 961 980 1013; x_wconf 73' lang='lat' dir='ltr'>Ureksis</span> <span class='ocrx_word' id='word_1_74' title='bbox 1020 979 1082 1013; x_wconf 89' lang='lat' dir='ltr'>ea</span> <span class='ocrx_word' id='word_1_75' title='bbox 1121 963 1328 1030; x_wconf 90' lang='lat' dir='ltr'>accipit,</span> <span class='ocrx_word' id='word_1_76' title='bbox 1367 961 1533 1014; x_wconf 72' lang='lat' dir='ltr'>Aiaks</span> <span class='ocrx_word' id='word_1_77' title='bbox 1560 981 1614 1015; x_wconf 89' lang='lat' dir='ltr'>se</span> <span class='ocrx_word' id='word_1_78' title='bbox 1637 966 1812 1016; x_wconf 89' lang='lat' dir='ltr'>trans-</span> 
     </span>
     <span class='ocr_line' id='line_1_13' title="bbox 170 1033 1822 1103; baseline 0.002 -18"><span class='ocrx_word' id='word_1_79' title='bbox 170 1034 305 1103; x_wconf 83' lang='lat' dir='ltr'>figit.</span> <span class='ocrx_word' id='word_1_80' title='bbox 396 1033 487 1086; x_wconf 87' lang='lat' dir='ltr'>XI.</span> <span class='ocrx_word' id='word_1_81' title='bbox 542 1034 578 1086; x_wconf 82' lang='lat' dir='ltr'><strong>J</strong></span> <span class='ocrx_word' id='word_1_82' title='bbox 581 1035 757 1102; x_wconf 85' lang='lat' dir='ltr'>akupa</span> <span class='ocrx_word' id='word_1_83' title='bbox 809 1035 979 1086; x_wconf 89' lang='lat' dir='ltr'>filium</span> <span class='ocrx_word' id='word_1_84' title='bbox 1031 1034 1346 1087; x_wconf 72' lang='lat' dir='ltr'>Polidvorus</span> <span class='ocrx_word' id='word_1_85' title='bbox 1402 1036 1468 1087; x_wconf 89' lang='lat' dir='ltr'>ad</span> <span class='ocrx_word' id='word_1_86' title='bbox 1517 1035 1822 1089; x_wconf 72' lang='lat' dir='ltr'>Polinester</span> 
     </span>
     <span class='ocr_line' id='line_1_14' title="bbox 170 1107 1815 1176; baseline 0.002 -18"><span class='ocrx_word' id='word_1_87' title='bbox 170 1125 350 1176; x_wconf 81' lang='lat' dir='ltr'>regem</span> <span class='ocrx_word' id='word_1_88' title='bbox 389 1107 580 1159; x_wconf 87' lang='lat' dir='ltr'>mittit:</span> <span class='ocrx_word' id='word_1_89' title='bbox 621 1125 785 1176; x_wconf 90' lang='lat' dir='ltr'>equus</span> <span class='ocrx_word' id='word_1_90' title='bbox 818 1107 1095 1175; x_wconf 78' lang='lat' dir='ltr'>TroianuS,</span> <span class='ocrx_word' id='word_1_91' title='bbox 1136 1109 1396 1160; x_wconf 78' lang='lat' dir='ltr'>excidium</span> <span class='ocrx_word' id='word_1_92' title='bbox 1434 1109 1598 1175; x_wconf 83' lang='lat' dir='ltr'>urbiS,</span> <span class='ocrx_word' id='word_1_93' title='bbox 1635 1109 1815 1162; x_wconf 85' lang='lat' dir='ltr'>Mene-</span> 
     </span>
     <span class='ocr_line' id='line_1_15' title="bbox 171 1180 1819 1251; baseline 0.002 -19"><span class='ocrx_word' id='word_1_94' title='bbox 171 1181 287 1232; x_wconf 90' lang='lat' dir='ltr'>laus</span> <span class='ocrx_word' id='word_1_95' title='bbox 338 1180 602 1232; x_wconf 85' lang='lat' dir='ltr'>Helenam</span> <span class='ocrx_word' id='word_1_96' title='bbox 653 1184 706 1232; x_wconf 91' lang='lat' dir='ltr'>et</span> <span class='ocrx_word' id='word_1_97' title='bbox 754 1181 1118 1232; x_wconf 84' lang='lat' dir='ltr'>Alexandrum</span> <span class='ocrx_word' id='word_1_98' title='bbox 1175 1182 1345 1233; x_wconf 90' lang='lat' dir='ltr'>securi</span> <span class='ocrx_word' id='word_1_99' title='bbox 1397 1182 1603 1249; x_wconf 89' lang='lat' dir='ltr'>percuti</span> <span class='ocrx_word' id='word_1_100' title='bbox 1643 1183 1819 1251; x_wconf 84' lang='lat' dir='ltr'>iussit,</span> 
     </span>
     <span class='ocr_line' id='line_1_16' title="bbox 171 1253 1815 1322; baseline 0.002 -17"><span class='ocrx_word' id='word_1_101' title='bbox 171 1253 458 1305; x_wconf 73' lang='lat' dir='ltr'>Poliksena</span> <span class='ocrx_word' id='word_1_102' title='bbox 495 1253 723 1322; x_wconf 83' lang='lat' dir='ltr'>Jakupa.</span> <span class='ocrx_word' id='word_1_103' title='bbox 763 1254 881 1306; x_wconf 86' lang='lat' dir='ltr'>XII.</span> <span class='ocrx_word' id='word_1_104' title='bbox 930 1254 1229 1306; x_wconf 75' lang='lat' dir='ltr'>Polinester</span> <span class='ocrx_word' id='word_1_105' title='bbox 1277 1254 1592 1307; x_wconf 75' lang='lat' dir='ltr'>Polidvorus</span> <span class='ocrx_word' id='word_1_106' title='bbox 1648 1256 1815 1309; x_wconf 86' lang='lat' dir='ltr'>occidi</span> 
     </span>
     <span class='ocr_line' id='line_1_17' title="bbox 171 1327 1820 1396; baseline 0.001 -17"><span class='ocrx_word' id='word_1_107' title='bbox 171 1327 327 1396; x_wconf 75' lang='lat' dir='ltr'>iussit</span> <span class='ocrx_word' id='word_1_108' title='bbox 366 1330 418 1379; x_wconf 89' lang='lat' dir='ltr'>et</span> <span class='ocrx_word' id='word_1_109' title='bbox 455 1327 568 1395; x_wconf 88' lang='lat' dir='ltr'>ipse</span> <span class='ocrx_word' id='word_1_110' title='bbox 610 1328 878 1380; x_wconf 84' lang='lat' dir='ltr'>occiditur.</span> <span class='ocrx_word' id='word_1_111' title='bbox 919 1331 972 1379; x_wconf 90' lang='lat' dir='ltr'>et</span> <span class='ocrx_word' id='word_1_112' title='bbox 1010 1328 1228 1379; x_wconf 83' lang='lat' dir='ltr'>revertit</span> <span class='ocrx_word' id='word_1_113' title='bbox 1265 1346 1357 1379; x_wconf 88' lang='lat' dir='ltr'>rex</span> <span class='ocrx_word' id='word_1_114' title='bbox 1395 1327 1668 1381; x_wconf 85' lang='lat' dir='ltr'>Menelaus</span> <span class='ocrx_word' id='word_1_115' title='bbox 1693 1347 1820 1382; x_wconf 90' lang='lat' dir='ltr'>cum</span> 
     </span>
     <span class='ocr_line' id='line_1_18' title="bbox 174 1397 1815 1470; baseline 0.001 -18"><span class='ocrx_word' id='word_1_116' title='bbox 174 1397 420 1452; x_wconf 82' lang='lat' dir='ltr'>omnibus</span> <span class='ocrx_word' id='word_1_117' title='bbox 447 1402 650 1470; x_wconf 82' lang='lat' dir='ltr'>graecis</span> <span class='ocrx_word' id='word_1_118' title='bbox 676 1420 794 1453; x_wconf 91' lang='lat' dir='ltr'>cum</span> <span class='ocrx_word' id='word_1_119' title='bbox 819 1418 1017 1470; x_wconf 82' lang='lat' dir='ltr'>magno</span> <span class='ocrx_word' id='word_1_120' title='bbox 1042 1401 1260 1470; x_wconf 87' lang='lat' dir='ltr'>honore,</span> <span class='ocrx_word' id='word_1_121' title='bbox 1290 1405 1576 1470; x_wconf 77' lang='lat' dir='ltr'>postquam</span> <span class='ocrx_word' id='word_1_122' title='bbox 1601 1402 1815 1455; x_wconf 88' lang='lat' dir='ltr'>Troiam</span> 
     </span>
     <span class='ocr_line' id='line_1_19' title="bbox 171 1474 1823 1542; baseline 0.002 -17"><span class='ocrx_word' id='word_1_123' title='bbox 171 1492 265 1541; x_wconf 81' lang='lat' dir='ltr'>per</span> <span class='ocrx_word' id='word_1_124' title='bbox 312 1474 491 1526; x_wconf 90' lang='lat' dir='ltr'>decem</span> <span class='ocrx_word' id='word_1_125' title='bbox 539 1493 708 1526; x_wconf 89' lang='lat' dir='ltr'>annos</span> <span class='ocrx_word' id='word_1_126' title='bbox 758 1477 809 1526; x_wconf 91' lang='lat' dir='ltr'>et</span> <span class='ocrx_word' id='word_1_127' title='bbox 856 1477 1058 1542; x_wconf 87' lang='lat' dir='ltr'>septem</span> <span class='ocrx_word' id='word_1_128' title='bbox 1098 1493 1308 1526; x_wconf 90' lang='lat' dir='ltr'>menses</span> <span class='ocrx_word' id='word_1_129' title='bbox 1350 1475 1686 1527; x_wconf 87' lang='lat' dir='ltr'>obsederunt.</span> <span class='ocrx_word' id='word_1_130' title='bbox 1763 1478 1823 1528; x_wconf 86' lang='lat' dir='ltr'>et</span> 
     </span>
     <span class='ocr_line' id='line_1_20' title="bbox 171 1546 1831 1616; baseline 0.002 -18"><span class='ocrx_word' id='word_1_131' title='bbox 171 1548 248 1598; x_wconf 75' lang='lat' dir='ltr'>ita</span> <span class='ocrx_word' id='word_1_132' title='bbox 297 1547 501 1599; x_wconf 88' lang='lat' dir='ltr'>interiit</span> <span class='ocrx_word' id='word_1_133' title='bbox 553 1565 777 1616; x_wconf 77' lang='lat' dir='ltr'>regnum</span> <span class='ocrx_word' id='word_1_134' title='bbox 831 1549 1059 1599; x_wconf 85' lang='lat' dir='ltr'>troicum</span> <span class='ocrx_word' id='word_1_135' title='bbox 1115 1551 1237 1599; x_wconf 89' lang='lat' dir='ltr'>ante</span> <span class='ocrx_word' id='word_1_136' title='bbox 1294 1546 1566 1600; x_wconf 73' lang='lat' dir='ltr'>Christum</span> <span class='ocrx_word' id='word_1_137' title='bbox 1626 1552 1831 1602; x_wconf 90' lang='lat' dir='ltr'>natum-</span> 
     </span>
     <span class='ocr_line' id='line_1_21' title="bbox 174 1621 1822 1690; baseline 0.002 -19"><span class='ocrx_word' id='word_1_138' title='bbox 174 1639 315 1672; x_wconf 84' lang='lat' dir='ltr'>anno</span> <span class='ocrx_word' id='word_1_139' title='bbox 354 1623 729 1673; x_wconf 87' lang='lat' dir='ltr'>trecentesimo</span> <span class='ocrx_word' id='word_1_140' title='bbox 771 1622 1116 1690; x_wconf 81' lang='lat' dir='ltr'>sexagesimo,</span> <span class='ocrx_word' id='word_1_141' title='bbox 1154 1621 1444 1673; x_wconf 80' lang='lat' dir='ltr'>indictione</span> <span class='ocrx_word' id='word_1_142' title='bbox 1486 1622 1724 1690; x_wconf 89' lang='lat' dir='ltr'>septima.</span> <span class='ocrx_word' id='word_1_143' title='bbox 1763 1624 1822 1674; x_wconf 85' lang='lat' dir='ltr'>et</span> 
     </span>
     <span class='ocr_line' id='line_1_22' title="bbox 171 1694 1821 1764; baseline 0.002 -19"><span class='ocrx_word' id='word_1_144' title='bbox 171 1694 248 1745; x_wconf 82' lang='lat' dir='ltr'>ita</span> <span class='ocrx_word' id='word_1_145' title='bbox 287 1694 414 1745; x_wconf 87' lang='lat' dir='ltr'>deus</span> <span class='ocrx_word' id='word_1_146' title='bbox 455 1695 710 1762; x_wconf 87' lang='lat' dir='ltr'>superbos</span> <span class='ocrx_word' id='word_1_147' title='bbox 740 1694 1002 1761; x_wconf 85' lang='lat' dir='ltr'>humiliat,</span> <span class='ocrx_word' id='word_1_148' title='bbox 1042 1698 1095 1745; x_wconf 92' lang='lat' dir='ltr'>et</span> <span class='ocrx_word' id='word_1_149' title='bbox 1135 1712 1316 1746; x_wconf 87' lang='lat' dir='ltr'>semen</span> <span class='ocrx_word' id='word_1_150' title='bbox 1354 1695 1640 1762; x_wconf 91' lang='lat' dir='ltr'>impiorum</span> <span class='ocrx_word' id='word_1_151' title='bbox 1663 1696 1821 1764; x_wconf 81' lang='lat' dir='ltr'>delet,</span> 
     </span>
     <span class='ocr_line' id='line_1_23' title="bbox 172 1767 1817 1837; baseline 0.001 -19"><span class='ocrx_word' id='word_1_152' title='bbox 172 1767 252 1818; x_wconf 92' lang='lat' dir='ltr'>uti</span> <span class='ocrx_word' id='word_1_153' title='bbox 301 1767 562 1835; x_wconf 88' lang='lat' dir='ltr'>propheta</span> <span class='ocrx_word' id='word_1_154' title='bbox 611 1767 888 1835; x_wconf 74' lang='lat' dir='ltr'>praedixit,</span> <span class='ocrx_word' id='word_1_155' title='bbox 939 1768 1140 1819; x_wconf 84' lang='lat' dir='ltr'>dicens:</span> <span class='ocrx_word' id='word_1_156' title='bbox 1203 1768 1312 1819; x_wconf 82' lang='lat' dir='ltr'>vidi</span> <span class='ocrx_word' id='word_1_157' title='bbox 1362 1768 1586 1836; x_wconf 92' lang='lat' dir='ltr'>impium</span> <span class='ocrx_word' id='word_1_158' title='bbox 1637 1786 1817 1837; x_wconf 90' lang='lat' dir='ltr'>super-</span> 
     </span>
     <span class='ocr_line' id='line_1_24' title="bbox 172 1840 1531 1892; baseline 0.001 -1"><span class='ocrx_word' id='word_1_159' title='bbox 172 1840 409 1891; x_wconf 85' lang='lat' dir='ltr'>bientem</span> <span class='ocrx_word' id='word_1_160' title='bbox 448 1843 501 1892; x_wconf 92' lang='lat' dir='ltr'>et</span> <span class='ocrx_word' id='word_1_161' title='bbox 542 1859 655 1892; x_wconf 90' lang='lat' dir='ltr'>sese</span> <span class='ocrx_word' id='word_1_162' title='bbox 696 1841 1036 1892; x_wconf 82' lang='lat' dir='ltr'>extollentem</span> <span class='ocrx_word' id='word_1_163' title='bbox 1076 1845 1159 1892; x_wconf 71' lang='lat'><em>62⁴0.</em></span> <span class='ocrx_word' id='word_1_164' title='bbox 1199 1846 1282 1892; x_wconf 72' lang='lat' dir='ltr'>ete.</span> <span class='ocrx_word' id='word_1_165' title='bbox 1361 1859 1531 1892; x_wconf 90' lang='lat' dir='ltr'>amen.</span> 
     </span>
    </p>

    <p class='ocr_par' dir='ltr' id='par_1_8' title="bbox 172 1913 1898 3006">
     <span class='ocr_line' id='line_1_25' title="bbox 320 1913 1817 1982; baseline 0.001 -18"><span class='ocrx_word' id='word_1_166' title='bbox 320 1913 400 1964; x_wconf 89' lang='lat' dir='ltr'>De</span> <span class='ocrx_word' id='word_1_167' title='bbox 449 1932 552 1981; x_wconf 90' lang='lat' dir='ltr'>quo</span> <span class='ocrx_word' id='word_1_168' title='bbox 598 1914 778 1966; x_wconf 90' lang='lat' dir='ltr'>libello</span> <span class='ocrx_word' id='word_1_169' title='bbox 825 1915 1014 1966; x_wconf 82' lang='lat' dir='ltr'>misere</span> <span class='ocrx_word' id='word_1_170' title='bbox 1063 1914 1362 1981; x_wconf 84' lang='lat' dir='ltr'>conscripto</span> <span class='ocrx_word' id='word_1_171' title='bbox 1410 1914 1536 1982; x_wconf 90' lang='lat' dir='ltr'>quid</span> <span class='ocrx_word' id='word_1_172' title='bbox 1577 1914 1647 1966; x_wconf 89' lang='lat' dir='ltr'>sit</span> <span class='ocrx_word' id='word_1_173' title='bbox 1683 1914 1817 1966; x_wconf 86' lang='lat' dir='ltr'>iudi-</span> 
     </span>
     <span class='ocr_line' id='line_1_26' title="bbox 174 1986 1819 2055; baseline 0 -17"><span class='ocrx_word' id='word_1_174' title='bbox 174 1987 400 2038; x_wconf 89' lang='lat' dir='ltr'>candum</span> <span class='ocrx_word' id='word_1_175' title='bbox 451 2005 560 2039; x_wconf 93' lang='lat' dir='ltr'>non</span> <span class='ocrx_word' id='word_1_176' title='bbox 611 1987 896 2039; x_wconf 89' lang='lat' dir='ltr'>admodum</span> <span class='ocrx_word' id='word_1_177' title='bbox 949 1987 1103 2039; x_wconf 85' lang='lat' dir='ltr'>facile</span> <span class='ocrx_word' id='word_1_178' title='bbox 1158 1990 1238 2038; x_wconf 87' lang='lat' dir='ltr'>est</span> <span class='ocrx_word' id='word_1_179' title='bbox 1284 1988 1350 2039; x_wconf 89' lang='lat' dir='ltr'>ad</span> <span class='ocrx_word' id='word_1_180' title='bbox 1396 1986 1819 2055; x_wconf 87' lang='lat' dir='ltr'>discernendum,</span> 
     </span>
     <span class='ocr_line' id='line_1_27' title="bbox 172 2060 1816 2128; baseline 0 -17"><span class='ocrx_word' id='word_1_181' title='bbox 172 2060 405 2127; x_wconf 87' lang='lat' dir='ltr'>primum</span> <span class='ocrx_word' id='word_1_182' title='bbox 454 2063 635 2111; x_wconf 89' lang='lat' dir='ltr'>tamen</span> <span class='ocrx_word' id='word_1_183' title='bbox 682 2061 783 2113; x_wconf 89' lang='lat' dir='ltr'>hoc</span> <span class='ocrx_word' id='word_1_184' title='bbox 829 2061 962 2112; x_wconf 85' lang='lat' dir='ltr'>mihi</span> <span class='ocrx_word' id='word_1_185' title='bbox 1006 2060 1249 2128; x_wconf 86' lang='lat' dir='ltr'>persuasi</span> <span class='ocrx_word' id='word_1_186' title='bbox 1293 2060 1615 2113; x_wconf 85' lang='lat' dir='ltr'>monachum</span> <span class='ocrx_word' id='word_1_187' title='bbox 1655 2077 1816 2128; x_wconf 88' lang='lat' dir='ltr'>quen-</span> 
     </span>
     <span class='ocr_line' id='line_1_28' title="bbox 174 2133 1820 2202; baseline 0 -18"><span class='ocrx_word' id='word_1_188' title='bbox 174 2133 296 2184; x_wconf 90' lang='lat' dir='ltr'>dam</span> <span class='ocrx_word' id='word_1_189' title='bbox 336 2134 447 2185; x_wconf 90' lang='lat' dir='ltr'>eius</span> <span class='ocrx_word' id='word_1_190' title='bbox 488 2137 757 2186; x_wconf 80' lang='lat' dir='ltr'>auctorem</span> <span class='ocrx_word' id='word_1_191' title='bbox 794 2134 973 2202; x_wconf 81' lang='lat' dir='ltr'>fuisse,</span> <span class='ocrx_word' id='word_1_192' title='bbox 1011 2152 1121 2186; x_wconf 91' lang='lat' dir='ltr'>non</span> <span class='ocrx_word' id='word_1_193' title='bbox 1147 2134 1319 2186; x_wconf 87' lang='lat' dir='ltr'>solum</span> <span class='ocrx_word' id='word_1_194' title='bbox 1359 2134 1426 2186; x_wconf 90' lang='lat' dir='ltr'>ob</span> <span class='ocrx_word' id='word_1_195' title='bbox 1458 2134 1620 2185; x_wconf 89' lang='lat' dir='ltr'>finem</span> <span class='ocrx_word' id='word_1_196' title='bbox 1659 2151 1820 2202; x_wconf 88' lang='lat' dir='ltr'>quem</span> 
     </span>
     <span class='ocr_line' id='line_1_29' title="bbox 173 2205 1814 2276; baseline 0.001 -19"><span class='ocrx_word' id='word_1_197' title='bbox 173 2206 332 2258; x_wconf 91' lang='lat' dir='ltr'>modo</span> <span class='ocrx_word' id='word_1_198' title='bbox 383 2206 618 2274; x_wconf 87' lang='lat' dir='ltr'>laudavi,</span> <span class='ocrx_word' id='word_1_199' title='bbox 674 2207 1072 2275; x_wconf 85' lang='lat' dir='ltr'>sedquoniam</span> <span class='ocrx_word' id='word_1_200' title='bbox 1127 2225 1261 2276; x_wconf 85' lang='lat' dir='ltr'>quae</span> <span class='ocrx_word' id='word_1_201' title='bbox 1315 2207 1638 2259; x_wconf 88' lang='lat' dir='ltr'>christianae</span> <span class='ocrx_word' id='word_1_202' title='bbox 1689 2205 1814 2258; x_wconf 83' lang='lat' dir='ltr'>fidei</span> 
     </span>
     <span class='ocr_line' id='line_1_30' title="bbox 172 2278 1816 2349; baseline 0.001 -19"><span class='ocrx_word' id='word_1_203' title='bbox 172 2282 476 2348; x_wconf 82' lang='lat' dir='ltr'>repugnant</span> <span class='ocrx_word' id='word_1_204' title='bbox 514 2298 674 2348; x_wconf 89' lang='lat' dir='ltr'>quam</span> <span class='ocrx_word' id='word_1_205' title='bbox 714 2281 942 2332; x_wconf 90' lang='lat' dir='ltr'>maxime</span> <span class='ocrx_word' id='word_1_206' title='bbox 982 2283 1295 2348; x_wconf 86' lang='lat' dir='ltr'>commutat,</span> <span class='ocrx_word' id='word_1_207' title='bbox 1348 2283 1408 2332; x_wconf 91' lang='lat' dir='ltr'>ut</span> <span class='ocrx_word' id='word_1_208' title='bbox 1456 2281 1520 2348; x_wconf 87' lang='lat' dir='ltr'>(c.</span> <span class='ocrx_word' id='word_1_209' title='bbox 1566 2278 1644 2349; x_wconf 84' lang='lat' dir='ltr'>II)</span> <span class='ocrx_word' id='word_1_210' title='bbox 1690 2279 1816 2331; x_wconf 85' lang='lat' dir='ltr'>deas</span> 
     </span>
     <span class='ocr_line' id='line_1_31' title="bbox 172 2351 1818 2422; baseline 0 -18"><span class='ocrx_word' id='word_1_211' title='bbox 172 2351 326 2404; x_wconf 74' lang='lat' dir='ltr'>Pales</span> <span class='ocrx_word' id='word_1_212' title='bbox 350 2352 386 2404; x_wconf 84' lang='lat' dir='ltr'>J</span> <span class='ocrx_word' id='word_1_213' title='bbox 388 2371 530 2416; x_wconf 87' lang='lat' dir='ltr'>unaa</span> <span class='ocrx_word' id='word_1_214' title='bbox 553 2352 771 2405; x_wconf 74' lang='lat' dir='ltr'>Venusa</span> <span class='ocrx_word' id='word_1_215' title='bbox 797 2354 1006 2421; x_wconf 89' lang='lat' dir='ltr'>saepius</span> <span class='ocrx_word' id='word_1_216' title='bbox 1029 2354 1304 2422; x_wconf 91' lang='lat' dir='ltr'>„dominas</span> <span class='ocrx_word' id='word_1_217' title='bbox 1328 2352 1618 2421; x_wconf 85' lang='lat' dir='ltr'>fatidicas“,</span> <span class='ocrx_word' id='word_1_218' title='bbox 1641 2352 1818 2405; x_wconf 64' lang='lat' dir='ltr'>Tebus</span> 
     </span>
     <span class='ocr_line' id='line_1_32' title="bbox 176 2423 1820 2493; baseline 0 -17"><span class='ocrx_word' id='word_1_219' title='bbox 176 2429 228 2476; x_wconf 91' lang='lat' dir='ltr'>et</span> <span class='ocrx_word' id='word_1_220' title='bbox 265 2424 611 2493; x_wconf 71' lang='lat' dir='ltr'>Neptenabus</span> <span class='ocrx_word' id='word_1_221' title='bbox 650 2426 753 2493; x_wconf 92' lang='lat' dir='ltr'>III,</span> <span class='ocrx_word' id='word_1_222' title='bbox 801 2427 833 2478; x_wconf 83' lang='lat'>3</span> <span class='ocrx_word' id='word_1_223' title='bbox 873 2427 1145 2492; x_wconf 87' lang='lat' dir='ltr'>„diabolos</span> <span class='ocrx_word' id='word_1_224' title='bbox 1184 2426 1514 2493; x_wconf 85' lang='lat' dir='ltr'>terrestres“,</span> <span class='ocrx_word' id='word_1_225' title='bbox 1558 2426 1688 2477; x_wconf 89' lang='lat' dir='ltr'>item</span> <span class='ocrx_word' id='word_1_226' title='bbox 1724 2423 1820 2493; x_wconf 82' lang='lat' dir='ltr'>IX,</span> 
     </span>
     <span class='ocr_line' id='line_1_33' title="bbox 179 2498 1819 2568; baseline 0.001 -19"><span class='ocrx_word' id='word_1_227' title='bbox 179 2499 245 2550; x_wconf 79' lang='lat' dir='ltr'>1ss</span> <span class='ocrx_word' id='word_1_228' title='bbox 292 2517 514 2566; x_wconf 82' lang='lat' dir='ltr'>„parvos</span> <span class='ocrx_word' id='word_1_229' title='bbox 563 2500 802 2551; x_wconf 87' lang='lat' dir='ltr'>diabolos</span> <span class='ocrx_word' id='word_1_230' title='bbox 850 2499 1111 2551; x_wconf 79' lang='lat' dir='ltr'>Vu-lcani“</span> <span class='ocrx_word' id='word_1_231' title='bbox 1165 2500 1410 2568; x_wconf 90' lang='lat' dir='ltr'>appellat.</span> <span class='ocrx_word' id='word_1_232' title='bbox 1493 2498 1819 2551; x_wconf 88' lang='lat' dir='ltr'>Monachum</span> 
     </span>
     <span class='ocr_line' id='line_1_34' title="bbox 176 2571 1818 2640; baseline 0.001 -19"><span class='ocrx_word' id='word_1_233' title='bbox 176 2571 338 2622; x_wconf 88' lang='lat' dir='ltr'>etiam</span> <span class='ocrx_word' id='word_1_234' title='bbox 377 2573 594 2639; x_wconf 89' lang='lat' dir='ltr'>sapiunt</span> <span class='ocrx_word' id='word_1_235' title='bbox 632 2573 795 2624; x_wconf 82' lang='lat' dir='ltr'>verba</span> <span class='ocrx_word' id='word_1_236' title='bbox 834 2573 1025 2640; x_wconf 72' lang='lat' dir='ltr'>quibus</span> <span class='ocrx_word' id='word_1_237' title='bbox 1066 2573 1382 2624; x_wconf 87' lang='lat' dir='ltr'>describitur</span> <span class='ocrx_word' id='word_1_238' title='bbox 1418 2571 1664 2623; x_wconf 89' lang='lat' dir='ltr'>Priamus</span> <span class='ocrx_word' id='word_1_239' title='bbox 1701 2573 1818 2623; x_wconf 88' lang='lat' dir='ltr'>ten-</span> 
     </span>
     <span class='ocr_line' id='line_1_35' title="bbox 173 2644 1819 2714; baseline 0.001 -20"><span class='ocrx_word' id='word_1_240' title='bbox 173 2645 370 2696; x_wconf 86' lang='lat' dir='ltr'>torium</span> <span class='ocrx_word' id='word_1_241' title='bbox 409 2645 634 2697; x_wconf 84' lang='lat' dir='ltr'>Achillis</span> <span class='ocrx_word' id='word_1_242' title='bbox 672 2649 796 2713; x_wconf 92' lang='lat' dir='ltr'>post</span> <span class='ocrx_word' id='word_1_243' title='bbox 833 2646 1174 2714; x_wconf 88' lang='lat' dir='ltr'>interfectum</span> <span class='ocrx_word' id='word_1_244' title='bbox 1212 2646 1381 2697; x_wconf 90' lang='lat' dir='ltr'>filium</span> <span class='ocrx_word' id='word_1_245' title='bbox 1414 2644 1699 2697; x_wconf 90' lang='lat' dir='ltr'>Hectorem</span> <span class='ocrx_word' id='word_1_246' title='bbox 1738 2644 1819 2696; x_wconf 88' lang='lat' dir='ltr'>in·</span> 
     </span>
     <span class='ocr_line' id='line_1_36' title="bbox 176 2716 1818 2787; baseline 0 -19"><span class='ocrx_word' id='word_1_247' title='bbox 176 2734 391 2785; x_wconf 83' lang='lat' dir='ltr'>gressus</span> <span class='ocrx_word' id='word_1_248' title='bbox 431 2716 531 2787; x_wconf 80' lang='lat' dir='ltr'>(IX</span> <span class='ocrx_word' id='word_1_249' title='bbox 555 2718 671 2786; x_wconf 75' lang='lat'>50):</span> <span class='ocrx_word' id='word_1_250' title='bbox 710 2722 794 2786; x_wconf 83' lang='lat' dir='ltr'>„et</span> <span class='ocrx_word' id='word_1_251' title='bbox 833 2719 1007 2786; x_wconf 83' lang='lat' dir='ltr'>coepit</span> <span class='ocrx_word' id='word_1_252' title='bbox 1031 2736 1279 2787; x_wconf 89' lang='lat' dir='ltr'>quaerere</span> <span class='ocrx_word' id='word_1_253' title='bbox 1302 2718 1593 2770; x_wconf 91' lang='lat' dir='ltr'>tentorium</span> <span class='ocrx_word' id='word_1_254' title='bbox 1615 2716 1818 2769; x_wconf 66' lang='lat' dir='ltr'>Acilefiz</span> 
     </span>
     <span class='ocr_line' id='line_1_37' title="bbox 176 2790 1815 2859; baseline 0.001 -19"><span class='ocrx_word' id='word_1_255' title='bbox 176 2808 333 2857; x_wconf 88' lang='lat' dir='ltr'>quem</span> <span class='ocrx_word' id='word_1_256' title='bbox 371 2791 528 2843; x_wconf 89' lang='lat' dir='ltr'>hodie</span> <span class='ocrx_word' id='word_1_257' title='bbox 569 2792 696 2843; x_wconf 93' lang='lat' dir='ltr'>deus</span> <span class='ocrx_word' id='word_1_258' title='bbox 723 2792 1019 2859; x_wconf 80' lang='lat' dir='ltr'>honoravit,</span> <span class='ocrx_word' id='word_1_259' title='bbox 1058 2795 1118 2842; x_wconf 90' lang='lat' dir='ltr'>ut</span> <span class='ocrx_word' id='word_1_260' title='bbox 1156 2791 1288 2843; x_wconf 90' lang='lat' dir='ltr'>mihi</span> <span class='ocrx_word' id='word_1_261' title='bbox 1325 2794 1515 2859; x_wconf 88' lang='lat' dir='ltr'>potum</span> <span class='ocrx_word' id='word_1_262' title='bbox 1555 2793 1608 2842; x_wconf 87' lang='lat' dir='ltr'>et</span> <span class='ocrx_word' id='word_1_263' title='bbox 1638 2790 1815 2842; x_wconf 86' lang='lat' dir='ltr'>cibum</span> 
     </span>
     <span class='ocr_line' id='line_1_38' title="bbox 174 2861 1898 2933; baseline 0.001 -20"><span class='ocrx_word' id='word_1_264' title='bbox 174 2863 452 2929; x_wconf 87' lang='lat' dir='ltr'>praeberet</span> <span class='ocrx_word' id='word_1_265' title='bbox 473 2865 741 2931; x_wconf 85' lang='lat' dir='ltr'>peccatori</span> <span class='ocrx_word' id='word_1_266' title='bbox 780 2868 833 2916; x_wconf 91' lang='lat' dir='ltr'>et</span> <span class='ocrx_word' id='word_1_267' title='bbox 855 2864 1167 2933; x_wconf 77' lang='lat' dir='ltr'>peregrino“</span> <span class='ocrx_word' id='word_1_268' title='bbox 1206 2867 1258 2916; x_wconf 90' lang='lat' dir='ltr'>et</span> <span class='ocrx_word' id='word_1_269' title='bbox 1297 2882 1359 2915; x_wconf 90' lang='lat' dir='ltr'>ea</span> <span class='ocrx_word' id='word_1_270' title='bbox 1385 2864 1577 2933; x_wconf 91' lang='lat' dir='ltr'>quibus</span> <span class='ocrx_word' id='word_1_271' title='bbox 1601 2861 1817 2930; x_wconf 81' lang='lat' dir='ltr'>Jakupa</span> <span class='ocrx_word' id='word_1_272' title='bbox 1893 2892 1898 2894; x_wconf 77' lang='grc'><strong>-</strong></span> 
     </span>
     <span class='ocr_line' id='line_1_39' title="bbox 174 2935 1814 3006; baseline 0.001 -21"><span class='ocrx_word' id='word_1_273' title='bbox 174 2935 362 3002; x_wconf 80' lang='lat' dir='ltr'>regina</span> <span class='ocrx_word' id='word_1_274' title='bbox 400 2936 587 2988; x_wconf 88' lang='lat' dir='ltr'>flentes</span> <span class='ocrx_word' id='word_1_275' title='bbox 627 2937 861 3006; x_wconf 81' lang='lat' dir='ltr'>virgines</span> <span class='ocrx_word' id='word_1_276' title='bbox 902 2938 1208 2989; x_wconf 84' lang='lat' dir='ltr'>consolatur</span> <span class='ocrx_word' id='word_1_277' title='bbox 1255 2936 1368 3005; x_wconf 82' lang='lat' dir='ltr'>(XI,</span> <span class='ocrx_word' id='word_1_278' title='bbox 1415 2935 1530 3006; x_wconf 83' lang='lat'>55):</span> <span class='ocrx_word' id='word_1_279' title='bbox 1593 2937 1814 3004; x_wconf 88' lang='lat' dir='ltr'>„tacete,</span> 
     </span>
    </p>
   </div>
  </div>
 </body>
</html>
