1956 3178
181 106 286 160 134

173 234 382 276 residuus
403 233 546 285 bello,
578 236 765 287 reliquus
795 234 864 285 95,
890 235 943 275 14

204 292 299 341 101,
332 292 387 331 24

174 347 391 388 resistere
415 346 653 387 moenibus
674 346 744 397 84,
768 346 837 396 22,
864 346 941 387 de-

198 404 352 444 sistere
386 404 479 453 105,
503 405 528 444 3

173 461 486 512 respectantes
517 470 571 499 ex
603 458 741 499 muris
771 459 840 509 48,
868 459 893 499 6

173 527 390 568 responso
423 514 576 555 editur
607 516 702 564 110,
726 516 751 556 9

174 571 411 611 restitutio
441 571 635 624 virginis
666 572 735 622 37,
758 571 811 612 35
844 570 942 611 eius

200 628 269 679 39,
302 628 327 668 9

95 678 100 681 ’
172 682 414 724 retardare
437 683 773 736 profectionem
796 684 862 732 14,
887 683 941 724 20

172 743 406 780 retentare
439 751 621 780 manum
651 741 719 791 51,
741 741 766 780 9
806 739 941 792 spiri-

202 799 299 836 tum
330 797 398 846 77,
424 797 474 837 19
516 797 610 846 113,
632 797 658 838 8

170 856 404 902 retexere,
436 865 648 893 enarrare
678 854 719 900 8,
749 854 799 894 13
891 887 900 895 .

173 909 378 950 retinere
429 907 627 949 hostiam
673 919 943 961 suspensam

198 965 267 1015 49,
291 966 343 1006 13
383 965 578 1005 retineri
608 967 732 1006 intra
759 964 942 1005 moenia

202 1021 270 1071 72,
303 1021 358 1061 28

170 1078 434 1128 retorquere
476 1076 651 1117 animos
697 1075 758 1116 ad
795 1076 943 1129 pieta-

202 1137 296 1172 tem
326 1133 394 1183 65,
426 1132 452 1172 8

170 1189 374 1229 revisere
405 1187 605 1242 aliquem
635 1189 702 1238 57,
735 1190 785 1228 12

170 1243 380 1285 revolare
414 1243 472 1284 ad
503 1257 655 1286 muros
685 1245 755 1294 81,
786 1245 841 1286 28

169 1299 403 1341 revolvere
434 1301 646 1353 spiritum
676 1302 744 1350 65,
773 1301 830 1342 24

170 1360 335 1409 rogatu
369 1357 467 1397 eius
497 1358 566 1405 29,
590 1358 645 1398 33

174 1425 307 1454 ruere
341 1412 399 1453 ad
420 1416 577 1465 portas
600 1414 668 1461 78,
693 1415 717 1454 7
749 1414 791 1453 in
810 1425 940 1466 proe-

202 1471 297 1509 lium
318 1470 387 1520 42,
411 1471 467 1510 34
488 1481 560 1510 res
582 1469 651 1509 ita
667 1472 806 1509 ruunt
827 1471 895 1519 69,
915 1470 939 1510 7

198 1527 316 1565 ictus
355 1525 448 1565 ruit
478 1526 545 1573 24,
569 1526 623 1566 28
654 1526 722 1576 58,
745 1525 772 1565 6
809 1525 859 1566 in
888 1537 939 1565 os

199 1583 267 1632 64,
299 1583 323 1622 9

170 1637 331 1678 ruinae
372 1637 503 1678 modo
541 1637 610 1688 46,
634 1638 660 1678 5
699 1639 768 1688 57,
799 1638 854 1679 28
892 1637 941 1677 in

198 1692 378 1734 modum
411 1695 477 1744 73,
502 1695 553 1734 10

171 1760 349 1790 rumore
382 1749 582 1790 secundo
618 1750 685 1801 12,
718 1750 770 1790 14

172 1859 399 1902 Sacerdos
432 1861 474 1901 ei
505 1860 675 1914 templo
707 1862 775 1911 92,
798 1862 856 1902 34

172 1917 324 1958 saevit
355 1929 479 1957 mare
510 1918 578 1966 22,
607 1918 658 1957 11
693 1919 787 1969 102,
813 1918 863 1957 12

170 1973 370 2014 saevitia
401 1973 563 2014 hiemis
596 1974 691 2024 108,
716 1975 738 2014 1

171 2029 465 2081 sagittarium
511 2032 748 2071 certamen
785 2030 853 2079 82,
885 2030 939 2071 28

201 2097 276 2126 ars
336 2085 635 2138 sagittarum,
704 2087 942 2139 sagittandi

199 2142 267 2191 62,
299 2141 353 2181 26

171 2196 376 2237 salubria
406 2196 597 2238 decreta
628 2198 696 2247 31,
726 2198 777 2238 19

173 2251 425 2294 salubritas
455 2256 679 2294 renovata
709 2255 778 2303 39,
799 2254 853 2294 29

171 2309 403 2349 sanctitas
434 2321 603 2349 morum
634 2311 673 2359 9,
699 2309 749 2349 18

171 2365 314 2405 saties
346 2369 473 2406 tenet
504 2377 658 2406 omnes
690 2366 758 2415 67,
784 2366 835 2406 13
872 2366 939 2405 in-

201 2420 323 2460 cedit
368 2421 566 2463 Graecos
612 2423 680 2471 75,
709 2422 734 2462 5
794 2421 938 2462 satias

200 2477 439 2530 sanguinis
470 2478 538 2528 98,
563 2479 583 2517 1

173 2533 287 2574 satis
323 2532 526 2573 futurum
557 2533 726 2586 cupitis
756 2534 825 2585 67,
848 2535 874 2574 6

173 2590 358 2628 saucius
376 2589 517 2629 animi
533 2589 787 2630 iactatione
805 2590 874 2639 53,
889 2590 939 2629 11

172 2644 326 2684 scelus
365 2645 529 2686 violati
565 2645 754 2699 hospitii
794 2646 862 2696 20,
886 2646 939 2685 29

200 2699 379 2741 domum
422 2702 471 2741 in
516 2701 668 2743 scelus
707 2702 940 2755 proprium

201 2757 426 2798 convertit
457 2758 497 2808 5,
521 2759 576 2798 24

173 2811 375 2854 scientes
413 2813 752 2866 prudentesque
793 2815 862 2865 32,
884 2813 939 2854 28

172 2872 352 2909 secreto
386 2869 442 2909 ab
475 2868 579 2910 aliis
610 2871 678 2921 86,
710 2872 735 2910 3

671 107 867 151 INDEX
895 107 1305 151 LATINITATIS.

1032 236 1237 275 sectator
1287 235 1397 276 boni
1437 233 1712 288 honestique
1754 234 1794 286 6,

1030 345 1318 387 secundante
1347 350 1489 387 vento
1521 346 1617 398 102,
1644 347 1696 388 10

1029 403 1254 444 securitas
1286 402 1418 456 pacis
1448 403 1518 452 96,
1539 403 1595 444 26

1028 470 1215 500 securus
1256 459 1327 500 sui
1357 459 1426 510 61,
1455 460 1478 499 1
1510 460 1580 509 94,
1609 459 1637 500 4
1673 457 1797 500 filiae

1055 515 1125 566 69,
1151 516 1202 558 18
1232 515 1425 557 interitu
1455 515 1522 565 61,
1547 516 1599 556 31

1027 582 1119 611 non
1159 583 1293 612 secus
1334 583 1490 624 quam,
1537 583 1622 612 non
1665 571 1797 611 minus

1058 628 1123 677 17,
1154 629 1208 668 23
1246 628 1315 678 89,
1347 629 1401 669 32
1460 639 1552 668 non
1610 626 1797 680 segnius

1029 738 1306 781 seditionem
1328 738 1550 780 extollere
1574 737 1796 797 adversus

1029 851 1109 891 sed
1139 864 1237 902 nec,
1269 853 1349 892 sed
1377 865 1461 893 non
1490 853 1559 901 60,
1579 852 1634 892 26

1028 908 1251 948 semiruta
1281 908 1458 950 moenia
1488 908 1556 957 96,
1587 908 1640 947 14

1030 967 1207 1005 semota
1239 964 1296 1004 ab
1330 963 1436 1004 aliis
1465 964 1563 1005 vita
1594 965 1662 1014 82,
1683 964 1708 1004 5

1028 1023 1220 1061 senecta
1249 1023 1381 1061 aetas
1411 1020 1480 1070 64,
1502 1021 1556 1061 29

1027 1075 1284 1128 separatim
1317 1076 1374 1117 ab
1407 1076 1514 1117 aliis
1544 1077 1614 1126 76,
1638 1076 1691 1116 21

1034 1137 1249 1184 separato
1280 1144 1411 1185 rege,
1443 1138 1580 1173 amoto
1610 1132 1680 1182 89,
1706 1130 1758 1172 12

1028 1187 1344 1240 sepulchrum,
1376 1188 1535 1229 bustum
1564 1189 1635 1240 79,
1669 1188 1725 1229 18·

1028 1245 1158 1296 sequi
1175 1245 1447 1286 societatem
1458 1243 1652 1285 militiae
1665 1245 1731 1293 14,
1744 1244 1797 1284 14

1056 1301 1324 1343 comitatum
1346 1301 1414 1350 69,
1438 1302 1464 1342 5
1489 1299 1618 1341 facta
1639 1311 1795 1341 eorum

1056 1356 1158 1397 laus
1190 1357 1344 1409 potius
1382 1369 1516 1410 quam
1556 1355 1690 1409 culpa
1725 1367 1795 1396 se·

1056 1412 1210 1464 quitur
1239 1414 1308 1460 31,
1335 1414 1355 1452 1
1390 1416 1552 1454 secuta
1575 1412 1650 1453 die
1673 1413 1713 1462 7,
1739 1412 1794 1454 30

1055 1469 1229 1508 secutis
1260 1469 1538 1521 temporibus
1571 1469 1612 1519 2,
1638 1469 1689 1508 12

1027 1528 1270 1565 servantes
1297 1525 1492 1578 imperia
1522 1526 1591 1576 47,
1612 1525 1672 1566 24
1701 1523 1794 1577 sig-

1055 1592 1162 1621 num
1192 1582 1263 1634 96,
1286 1582 1340 1621 27

1028 1637 1282 1688 servitium,
1314 1638 1493 1678 servitus
1516 1637 1612 1687 100,
1639 1637 1688 1676 11
1720 1636 1794 1677 sui

1055 1693 1124 1743 66,
1156 1694 1209 1734 32

1027 1748 1434 1790 seu—sive—vel
1469 1750 1562 1800 109,
1583 1749 1637 1788 27

1026 1816 1141 1844 sexu
1161 1804 1285 1846 virili
1305 1819 1361 1846 ac
1391 1804 1602 1846 muliebri
1624 1805 1716 1851 104,
1739 1805 1793 1845 27

1027 1860 1137 1911 sibi,
1170 1863 1211 1901 εἰ
1239 1863 1309 1911 52,
1334 1862 1387 1902 26

1027 1915 1212 1957 silentio
1232 1916 1358 1958 facto
1375 1918 1414 1967 9,
1436 1917 1461 1956 2
1479 1915 1637 1957 habito
1654 1917 1722 1966 91,
1741 1916 1792 1956 16

1054 1972 1197 2013 multo
1236 1974 1306 2023 96,
1335 1974 1387 2013 27
1429 1970 1605 2024 aliquid
1633 1971 1792 2012 remit-

1055 2033 1154 2069 tere
1186 2030 1255 2081 46,
1280 2029 1332 2069 18

1026 2084 1195 2126 silvam
1226 2084 1416 2126 caedere
1449 2084 1517 2134 59,
1541 2085 1567 2124 5

1026 2140 1170 2182 simile
1196 2153 1296 2181 cum
1313 2140 1482 2181 ceteris
1512 2140 1582 2180 ius
1606 2140 1700 2190 100,
1723 2139 1791 2190 26,

1053 2196 1236 2249 lingua,
1283 2210 1385 2250 opp.
1423 2196 1556 2237 varia
1599 2196 1794 2249 permix-

1053 2256 1196 2304 taque
1230 2254 1325 2304 102,
1351 2254 1376 2293 2

1026 2308 1242 2350 simulato
1273 2310 1340 2358 27,
1371 2309 1397 2350 5

1026 2363 1302 2417 singillatim
1335 2366 1401 2416 11,
1426 2365 1479 2404 21

1026 2420 1197 2473 singuli
1228 2420 1381 2473 plures
1403 2421 1469 2469 94,
1495 2420 1547 2459 14
1578 2418 1791 2472 pluresve

1054 2477 1122 2527 51,
1158 2478 1210 2517 15

1027 2532 1255 2573 sistuntur
1276 2543 1384 2584 spes
1406 2535 1545 2582 atque
1567 2542 1679 2584 opes
1709 2530 1791 2571 mi-

1055 2587 1183 2627 litiae
1215 2588 1263 2628 in
1291 2588 1390 2628 viro
1421 2587 1491 2637 46,
1521 2588 1574 2628 25

1029 2643 1142 2684 situs
1180 2643 1229 2683 in
1268 2641 1360 2683 alia
1399 2645 1550 2695 parte,
1599 2647 1791 2682 versatus

1054 2700 1123 2746 54,
1158 2700 1209 2739 16
1261 2711 1398 2752 super
1442 2711 1591 2739 muros
1636 2698 1708 2748 83,
1738 2698 1790 2738 15

1056 2755 1148 2796 sita
1197 2759 1304 2796 sunt
1352 2754 1399 2795 in
1449 2765 1584 2795 manu
1634 2757 1791 2795 vestra

1025 2867 1279 2908 sive—seu
1313 2868 1378 2918 17,
1400 2868 1453 2907 25
