1956 3178
218 163 287 214 10
761 163 1022 208 DARETIS
1054 163 1308 214 PHRYGII

215 285 472 353 populum
499 285 679 337 venire
712 285 882 352 iubet,
914 284 1323 337 commonefacit
1349 284 1487 339 filios
1496 326 1509 353 ,
1540 288 1602 338 ut
1629 285 1860 339 maiores

215 362 346 410 natu
385 358 681 410 minoribus
721 359 1070 426 imperarent,
1101 359 1424 411 monstravit
1469 377 1601 429 quas
1635 359 1861 412 iniurias

217 431 406 484 Graeci
437 431 683 484 Troianis
714 432 991 485 fecissent:
1027 433 1095 486 ob
1127 431 1228 485 hoc
1258 431 1591 486 Antenorem
1621 433 1860 503 legatum

215 506 272 557 in
305 503 582 557 Graeciam
622 505 854 574 misisse,
893 509 954 558 ut
993 506 1096 559 sibi
1133 504 1428 559 Hesionam
1470 523 1705 559 sororem
1743 507 1861 559 red·

216 580 401 631 derent
435 582 489 631 et
528 579 657 632 satis
693 579 940 632 Troianis
977 579 1236 632 facerent:
1276 579 1608 633 Antenorem
1640 597 1672 632 a
1703 578 1862 632 Grais

215 653 595 706 contumeliose
626 656 916 706 tractatum
947 671 1119 722 neque
1156 654 1223 706 ab
1254 653 1340 705 his
1373 653 1657 723 quicquam
1694 653 1860 722 impe-

213 730 357 778 trare
395 726 657 795 potuisse:
697 727 905 795 placere
946 727 1048 780 sibi
1083 726 1448 779 Alexandrum
1487 727 1544 779 in
1583 725 1860 780 Graeciam

215 800 357 852 mitti
397 818 516 852 cum
557 801 725 853 classe
767 801 857 870 qui
899 801 983 853 avi
1021 802 1106 854 sui
1144 804 1371 855 mortem
1411 805 1465 852 et
1505 800 1861 854 Troianorum

162 875 165 879 ’
215 874 437 926 iniurias
469 874 769 927 ulciscatur.
820 873 1151 927 Antenorem
1184 874 1355 927 dicere
1382 873 1560 942 iussit,
1593 874 1861 943 quomodo

150 962 191 992 10

215 948 274 999 in
327 945 551 1000 Graecia
603 951 864 1000 tractatus
926 951 1081 1000 esset.
1171 947 1417 1001 Antenor
1476 947 1722 1000 hortatus
1777 951 1862 1000 est

216 1020 498 1089 TroianOS,
536 1038 604 1073 ne
643 1021 1031 1089 horrescerent,
1070 1021 1137 1073 ad
1177 1021 1548 1074 debellandam
1580 1019 1860 1074 Graeciam

217 1112 340 1146 suos
396 1094 678 1147 alacriores
732 1095 881 1163 fecit,
938 1095 1122 1163 paucis
1178 1094 1563 1147 demonstravit
1616 1111 1752 1164 quae
1801 1094 1860 1146 in

216 1167 440 1220 Graecia
485 1171 737 1237 gesserat.
821 1167 1067 1221 Priamus
1123 1167 1275 1236 dixit,
1335 1168 1380 1220 si
1426 1167 1511 1220 cui
1557 1167 1863 1236 displiceret

214 1241 414 1293 bellum
478 1241 614 1310 geri,
669 1259 819 1294 suam
880 1242 1213 1294 voluntatem
1282 1241 1554 1294 ediceret.
1614 1240 1861 1293 Panthus

170 1327 190 1358 5
214 1309 430 1366 Priamo
481 1318 535 1366 et
586 1315 902 1384 propinquis
949 1314 1128 1383 prodit
1174 1332 1258 1383 ea,
1312 1332 1447 1384 quae
1487 1332 1519 1366 a
1563 1318 1716 1384 patre
1763 1331 1860 1367 suo

213 1386 508 1456 Euphorbo
542 1387 804 1451 audierat,
837 1388 1008 1440 dicere
1033 1388 1209 1456 coepit
1240 1388 1284 1440 si
1307 1387 1611 1440 Alexander
1640 1404 1859 1440 uxorem

215 1461 279 1513 de
334 1459 558 1514 Graecia
609 1429 936 1529 adduxisset,
990 1461 1235 1514 Troianis
1291 1464 1583 1513 extremum
1638 1460 1858 1513 exitium

213 1535 474 1603 futurum,
530 1535 621 1587 sed
674 1534 947 1603 pulchrius
997 1552 1111 1587 esse
1165 1535 1221 1587 in
1277 1535 1386 1588 otio
1433 1534 1598 1586 vitam
1653 1534 1858 1604 degere,

216 1626 375 1678 quam
413 1608 472 1660 in
518 1609 751 1660 tumultu
798 1608 1101 1660 libertatem
1142 1608 1386 1661 amittere
1438 1609 1515 1674 [et
1563 1608 1858 1676 periculum

171 1698 189 1725 <2
213 1682 388 1748 111110].
470 1683 700 1750 populus
741 1682 1113 1734 auctoritatem
1152 1681 1350 1734 Panthi
1389 1681 1730 1749 contempsit,
1778 1698 1858 1733 re—

216 1772 337 1824 gem
378 1755 550 1808 dicere
588 1755 860 1807 iusserunt
907 1755 1033 1824 quid
1064 1756 1222 1807 vellet
1259 1755 1386 1807 fieri.
1447 1754 1693 1807 Priamus
1724 1753 1874 1806 dixit.

215 1846 378 1881 navcs
410 1829 805 1897 praeparandas
838 1846 976 1896 esse,
1014 1833 1075 1881 ut
1098 1832 1250 1881 eatur
1281 1829 1338 1881 in
1374 1826 1673 1897 Graeciam,
1703 1831 1856 1880 uten-

216 1902 335 1954 silia
382 1919 592 1971 quoque
631 1903 831 1970 populo
869 1920 981 1955 non
1020 1902 1214 1954 deesse.
1290 1902 1520 1970 populus
1560 1901 1857 1954 conclama-

214 1975 292 2027 vit
329 1993 425 2044 per
466 1993 520 2027 se
559 1993 767 2028 moram
805 1993 916 2028 non
963 1993 1099 2044 esse,
1151 1993 1255 2045 quo
1301 1975 1478 2027 minus
1523 1974 1666 2043 regis
1704 1991 1855 2042 prae-

150 2063 191 2093 25
221 2049 387 2117 ceptis
435 2052 699 2118 pareatur.
777 2048 1024 2101 Priamus
1062 2049 1169 2101 illis
1216 2065 1440 2118 magnas
1492 2047 1692 2116 gratias
1731 2047 1856 2116 egit,

215 2123 629 2191 concionemque
670 2122 886 2175 dimisit.
950 2141 1009 2174 ac
1040 2141 1165 2175 mox
1203 2123 1260 2174 in
1290 2122 1443 2174 Idam
1477 2121 1662 2174 silvam
1695 2120 1856 2189 misit,

216 2196 307 2264 qui
345 2195 623 2248 materiem
663 2196 1012 2264 succiderent,
1058 2214 1221 2248 naves
1262 2195 1621 2262 aedificarent,
1659 2193 1854 2255 Hecto-

336 2405 358 2442 1
393 2397 513 2442 filios
538 2400 594 2442 ¹et
625 2400 678 2442 ut
709 2398 772 2442 M
781 2397 823 2441 G
858 2400 906 2441 et
937 2411 1019 2442 om.
1051 2398 1098 2442 B
1131 2399 1298 2455 aliique
1418 2402 1442 2441 2
1475 2397 1744 2454 inperarent
1775 2395 1818 2440 G
1844 2395 1852 2454 Ι

213 2457 496 2502 monstrauit
525 2470 607 2501 om.
643 2456 685 2500 G
804 2461 831 2499 4
863 2456 1067 2501 Hesiona
1100 2457 1373 2501 redderetur
1412 2469 1540 2500 soror
1571 2455 1614 2500 G
1732 2459 1758 2499 5
1790 2455 1855 2499 fe-

214 2516 387 2560 cissent
434 2515 477 2560 G
613 2520 637 2559 7
684 2515 734 2559 111
780 2527 863 2558 om.
910 2515 973 2558 M
1089 2520 1115 2559 8
1159 2515 1231 2559 sui
1274 2528 1356 2560 om.
1401 2515 1529 2569 libri,
1576 2514 1706 2558 habet
1747 2514 1852 2557 edit.

223 2574 372 2618 Venet.
409 2579 520 2618 1499
644 2579 700 2617 14
740 2586 871 2618 suam
890 2599 945 2605 —
964 2573 1166 2618 ediceret
1207 2587 1287 2618 om,
1325 2574 1388 2617 M
1506 2575 1558 2616 16
1589 2571 1779 2617 euforuo
1811 2571 1855 2616 G

214 2632 407 2677 euforbo
440 2633 503 2676 M
527 2635 533 2688 Ι
559 2634 614 2676 ut
646 2633 685 2676 si
719 2633 780 2676 M
787 2632 829 2676 G
890 2632 929 2676 si
959 2631 1005 2675 R
1128 2636 1181 2675 17
1222 2631 1421 2676 exicium
1453 2630 1496 2676 G
1617 2635 1671 2675 18
1701 2629 1851 2674 factu-

214 2706 317 2735 rum
343 2692 406 2735 M
429 2693 434 2746 Ι
461 2691 709 2758 pulchrum
736 2690 847 2735 MG
906 2690 1112 2747 pulcrius
1146 2690 1239 2734 VR
1266 2694 1271 2746 1
1299 2690 1400 2735 0010
1426 2689 1469 2734 G
1584 2694 1637 2733 19
1662 2690 1711 2733 et
1731 2688 1853 2745 peri-

214 2750 368 2793 culum
410 2749 529 2794 inire
572 2762 655 2793 om.
705 2749 749 2792 V
786 2762 880 2793 non
921 2750 1036 2793 male
1157 2754 1213 2793 20
1254 2749 1455 2806 populus
1473 2774 1527 2780 —
1545 2747 1646 2792 fieri
1687 2760 1770 2792 om.
1811 2746 1854 2791 G

214 2813 268 2851 22
301 2811 354 2852 ut
384 2808 435 2852 in
466 2823 533 2866 gr.
567 2810 700 2852 eatur
733 2807 775 2852 G
834 2810 888 2852 ut
929 2810 1039 2852 eant
1076 2807 1126 2851 in
1156 2822 1224 2864 gr.
1259 2808 1320 2851 M
1439 2812 1493 2851 23
1527 2819 1626 2851 esse
1657 2805 1701 2850 G
1727 2807 1733 2860 1
1761 2805 1854 2849 cla-

166 2859 182 2873 *
212 2867 363 2910 mauit
387 2866 461 2910 G
550 2871 607 2910 24
630 2866 894 2923 praeceptis
918 2866 1041 2923 regis
1067 2865 1110 2910 G
1222 2871 1277 2910 25
1301 2868 1467 2924 pareat
1485 2866 1548 2909 M
1665 2869 1720 2908 26
1745 2876 1854 2908 con·

213 2925 482 2981 tionemque
517 2925 578 2968 M
603 2928 607 2980 l
637 2938 690 2968 ac
708 2951 762 2956 —
782 2924 1081 2969 aedificarent
1112 2938 1192 2969 om.
1229 2925 1300 2968 M.
