1956 3178
160 0 258 27 30.

0 123 19 174 ¹(
43 105 46 107 ,

736 94 1153 145 PRAEFATIO.
1610 126 1772 166 nvn

0 201 5 228 *
113 207 294 263 Thoas
345 209 409 263 de
458 229 627 283 regno
678 233 774 268 suo
825 215 995 288 Tolie,
1049 219 1239 275 Melius
1291 223 1355 276 de
1405 226 1620 281 civitate
1671 248 1770 283 sua

0 299 6 358 ξ
111 281 310 355 Pigris‚
365 283 548 339 Ulixes
589 287 652 340 de
690 307 858 360 regno
898 292 1107 364 Tracie‚
1162 295 1543 354 Thelamonius
1585 301 1766 357 Oileus

117 356 184 410 de
236 377 404 428 regno
459 379 555 414 suo
611 363 754 431 quod
800 363 1118 421 Demenium
1174 371 1449 426 dicebatur
1503 375 1767 444 (demeine

118 432 261 500 apud
297 431 648 487 Benedictum
688 455 734 490 v.
774 438 940 493 5619:
981 461 1086 511 quo
1127 462 1302 498 errore
1344 448 1494 518 origo
1534 449 1765 505 Franco-

118 505 314 575 gallica
352 509 687 575 apertissime
726 511 1030 584 detegitur),
1070 515 1338 572 Doximax
1376 520 1618 577 Firmeus
1658 524 1765 578 He·

112 578 272 632 limus
330 581 394 633 de
447 583 724 650 provincia
778 584 1075 642 Citamenie
1133 591 1368 647 Theseus
1409 595 1659 651 Treorius
1699 600 1764 652 de

108 650 270 706 Reisa
306 659 390 707 ete.

258 725 519 783 Guidonis
569 748 726 801 opus,
781 735 976 804 quippe
1025 739 1167 806 quod
1214 758 1277 792 ex
1315 741 1512 796 Darete
1561 749 1614 798 et
1651 765 1764 800 non

113 801 287 854 solum
326 803 430 856 isto
470 804 638 858 latino
679 825 836 876 quem
877 807 1154 865 Cornelius
1201 814 1585 884 interpretatus
1634 824 1762 890 erat,

115 874 208 927 sed
232 893 295 927 ex
318 877 632 945 pretiosiore
657 883 710 932 et
734 883 1029 950 copiosiore
1055 890 1329 956 sumptum
1355 908 1471 943 esse
1497 893 1763 947 videretur

108 950 344 1002 ceterum
389 969 499 1004 non
551 953 665 1006 sine
706 958 818 1007 arte
858 958 1089 1026 quadam
1129 962 1431 1016 confectum
1472 970 1599 1035 erat,
1640 987 1759 1021 eam

106 1039 269 1090 quam
315 1026 510 1078 meruit
553 1027 766 1080 laudem
812 1034 1030 1084 nactum
1078 1038 1172 1087 est.
1257 1036 1477 1091 Etenim
1527 1059 1573 1093 a.
1619 1043 1760 1096 1324

102 1095 358 1165 Filippo
397 1100 482 1152 vel
506 1099 892 1168 Christoforo
917 1106 1083 1173 Ccffz'
1106 1107 1410 1164 Florentiae
1450 1116 1504 1166 et
1526 1115 1760 1170 Matteo

102 1170 167 1222 di
203 1170 327 1224 Ser.
354 1172 669 1228 Giovanm·
706 1177 1135 1249 Belzebuonffl)
1175 1183 1277 1237 hoc
1315 1186 1502 1256 lingua
1540 1190 1760 1259 vulgata

110 1245 447 1315 interpretati
488 1252 634 1317 sunt,
689 1252 869 1319 paullo
917 1258 1041 1322 post
1091 1261 1261 1310 artem
1311 1262 1760 1331 typographicam

102 1318 378 1374 inventam
432 1321 689 1376 Venetiae
737 1343 990 1380 excusum
1049 1333 1142 1382 est.
1226 1331 1470 1387 Franco
1481 1337 1758 1405 gallicae

107 1397 261 1446 erant
300 1396 598 1464 complures
645 1399 1134 1473 interpretationes,
1192 1425 1418 1475 quarum
1464 1428 1573 1462 una
1612 1416 1759 1466 extat

104 1467 164 1519 in
202 1468 329 1521 bibl.
369 1469 432 1522 de
471 1470 736 1525 l’Arsenal
774 1493 824 1526 n.
856 1476 965 1528 253
992 1495 1125 1530 sace.
1156 1478 1260 1532 XV
1295 1481 1583 1536 admodum
1622 1486 1758 1540 bene

107 1541 365 1611 confecta,
405 1545 572 1597 altera
610 1547 667 1598 in
707 1547 833 1600 bibl.
873 1548 1278 1619 Petropolitana
1316 1574 1367 1608 n.
1393 1558 1427 1609 2
1461 1576 1595 1611 saec.
1628 1559 1759 1614 XVI

97 1613 262 1668 Edita
301 1620 382 1669 est
417 1618 685 1687 „Histoire
726 1621 789 1674 de
829 1623 882 1675 la
920 1623 1251 1680 destruction
1291 1630 1355 1682 de
1388 1630 1577 1684 Troie“
1615 1635 1756 1688 circa

107 1706 155 1741 a.
198 1691 339 1743 1480
379 1695 432 1744 et
470 1693 729 1748 aRaoul
768 1696 818 1749 le
840 1698 1056 1762 Fc'vrc,
1095 1701 1175 1767 „le
1215 1705 1411 1757 recueil
1436 1705 1526 1759 des
1552 1707 1756 1776 hystoi-

99 1780 185 1815 res
226 1763 288 1815 de
328 1764 544 1835 Troye“,
591 1767 803 1836 (tertius
853 1771 1009 1841 liber)
1055 1775 1196 1827 1464
1241 1778 1382 1830 1484
1427 1781 1567 1834 1486
1612 1783 1756 1836 1490

103 1835 233 1906 (bis)
284 1841 338 1890 ct
395 1841 627 1909 saepiuS‚
681 1843 740 1895 in
796 1844 1135 1915 Anglicam
1186 1850 1428 1920 linguam
1479 1873 1663 1908 versus
1724 1877 1757 1910 a

114 1909 194 1964 W
234 1910 474 1966 Caxton
525 1916 664 1969 circa
715 1936 759 1969 a.
816 1920 972 1972 1472.
1051 1920 1126 1974 Ut
1174 1927 1354 1978 autem
1402 1925 1575 1980 Guido
1627 1948 1755 1984 nus-

101 2002 265 2054 quam
311 1985 546 2040 Benoitii
594 1992 922 2045 mentionem
968 1994 1116 2063 fecit,
1171 1997 1247 2049 ita
1284 1998 1458 2052 Raoul
1499 2003 1547 2054 le
1586 2002 1754 2058 Fevre

99 2075 368 2128 nusquam
419 2060 700 2131 Guidonis‚
754 2084 911 2134 saepe
963 2071 1146 2125 autem
1192 2069 1421 2127 Daretis
1501 2075 1753 2131 Germa-

96 2132 240 2184 nica
286 2135 459 2187 versio
500 2137 632 2188 mihi
671 2139 907 2192 innotuit
946 2148 1029 2211 ea,
1081 2163 1217 2212 quae
1256 2146 1314 2198 in
1355 2148 1480 2201 bibl.
1521 2151 1751 2205 univers,

98 2204 257 2258 litter.
282 2206 500 2261 Vratisl.
540 2209 653 2278 (lat.
692 2230 792 2264 rec.
832 2213 913 2265 III
953 2220 1052 2268 oct.
1093 2218 1225 2287 236)
1250 2226 1567 2291 reservatur,
1608 2227 1751 2294 typis

101 2280 367 2349 exscripta
413 2301 458 2335 a.
502 2284 658 2338 1598.
700 2284 921 2356 Saepius
963 2294 1142 2344 autem
1183 2294 1369 2346 eadem
1408 2298 1632 2350 materia
1673 2319 1750 2352 se-

93 2353 327 2407 cundum
352 2354 652 2411 Guidonem
675 2361 1015 2428 potissimum
1055 2368 1287 2420 tractata
1326 2372 1421 2438 est,
1460 2371 1536 2423 ita
1567 2374 1752 2427 tamen

98 2429 160 2478 ut
197 2430 291 2480 aut
328 2430 499 2482 multa
538 2433 933 2506 omitterentur,
989 2440 1130 2509 quod
1176 2441 1378 2495 factum
1419 2447 1501 2496 est
1539 2447 1596 2498 in
1637 2448 1750 2505 cod.

99 2516 265 2570 germ.
311 2503 419 2563 696
467 2505 592 2558 bibl.
633 2507 840 2562 Monac.
881 2530 921 2564 c.
966 2514 1109 2567 1480
1157 2517 1355 2583 scripto
1396 2521 1489 2570 aut
1527 2538 1591 2571 ex
1628 2521 1748 2575 aliis

98 2576 407 2630 auctoribus
433 2580 691 2650 quidquid
730 2587 915 2651 aptum
954 2587 1234 2641 videbatur
1259 2590 1568 2646 adiceretur.
1630 2594 1748 2649 Hoc

99 2649 317 2702 nomine
378 2652 623 2720 inprimis
679 2656 949 2714 Ioannes
994 2662 1170 2713 Mac'r
1227 2664 1750 2735 Noerdlinycnsis

21 2759 25 2761 Α
95 2722 444 2790 appellandus
495 2730 598 2796 est,
648 2731 797 2783 cuius
847 2734 983 2787 liber
1032 2734 1171 2794 (sine
1222 2739 1439 2791 nomine
1491 2743 1747 2811 auctoris)

221 2882 251 2939 ¹)
283 2883 391 2941 Joly
422 2886 452 2930 l.
485 2887 515 2930 1.
548 2903 592 2945 p.
627 2894 726 2934 484.
