<?xml version="1.0" encoding="UTF-8"?>
<!DOCTYPE html PUBLIC "-//W3C//DTD XHTML 1.0 Transitional//EN"
    "http://www.w3.org/TR/xhtml1/DTD/xhtml1-transitional.dtd">
<html xmlns="http://www.w3.org/1999/xhtml" xml:lang="en" lang="en">
 <head>
  <title>
</title>
<meta http-equiv="Content-Type" content="text/html;charset=utf-8" />
  <meta name='ocr-system' content='tesseract 3.04.00' />
  <meta name='ocr-capabilities' content='ocr_page ocr_carea ocr_par ocr_line ocrx_word'/>
</head>
<body>
  <div class='ocr_page' id='page_1' title='image "./dictyscretensise00dictuoft_0045.png"; bbox 0 0 1956 3178; ppageno 0'>
   <div class='ocr_carea' id='block_1_1' title="bbox 559 107 1726 161">
    <p class='ocr_par' dir='ltr' id='par_1_1' title="bbox 559 107 1726 161">
     <span class='ocr_line' id='line_1_1' title="bbox 559 107 1726 161; baseline 0.002 -11"><span class='ocrx_word' id='word_1_1' title='bbox 559 108 747 151; x_wconf 87' lang='lat' dir='ltr'><strong>BELLI</strong></span> <span class='ocrx_word' id='word_1_2' title='bbox 777 107 1031 151; x_wconf 84' lang='lat' dir='ltr'>TROIANI</span> <span class='ocrx_word' id='word_1_3' title='bbox 1060 107 1178 151; x_wconf 85' lang='lat' dir='ltr'><strong>LIB.</strong></span> <span class='ocrx_word' id='word_1_4' title='bbox 1206 107 1266 151; x_wconf 91' lang='lat'>11.</span> <span class='ocrx_word' id='word_1_5' title='bbox 1658 107 1726 161; x_wconf 79' lang='grc'>23</span> 
     </span>
    </p>
   </div>
   <div class='ocr_carea' id='block_1_2' title="bbox 71 232 1807 2567">
    <p class='ocr_par' dir='ltr' id='par_1_2' title="bbox 101 232 1759 585">
     <span class='ocr_line' id='line_1_2' title="bbox 109 232 1727 305; baseline -0.004 -13"><span class='ocrx_word' id='word_1_6' title='bbox 109 237 191 292; x_wconf 86' lang='lat' dir='ltr'>uti</span> <span class='ocrx_word' id='word_1_7' title='bbox 228 233 625 305; x_wconf 83' lang='lat' dir='ltr'><strong>quamprimum</strong></span> <span class='ocrx_word' id='word_1_8' title='bbox 663 232 908 303; x_wconf 87' lang='lat' dir='ltr'>expedito</span> <span class='ocrx_word' id='word_1_9' title='bbox 956 233 1176 303; x_wconf 87' lang='lat' dir='ltr'>negotio</span> <span class='ocrx_word' id='word_1_10' title='bbox 1223 235 1543 287; x_wconf 89' lang='lat' dir='ltr'>remearent:</span> <span class='ocrx_word' id='word_1_11' title='bbox 1583 233 1727 303; x_wconf 90' lang='lat' dir='ltr'>quod</span> 
     </span>
     <span class='ocr_line' id='line_1_3' title="bbox 101 303 1728 377; baseline -0.001 -20"><span class='ocrx_word' id='word_1_12' title='bbox 101 326 175 362; x_wconf 89' lang='lat' dir='ltr'>ea</span> <span class='ocrx_word' id='word_1_13' title='bbox 210 306 385 377; x_wconf 86' lang='lat' dir='ltr'>gratia</span> <span class='ocrx_word' id='word_1_14' title='bbox 422 304 651 358; x_wconf 83' lang='lat' dir='ltr'><strong>maxime</strong></span> <span class='ocrx_word' id='word_1_15' title='bbox 689 323 720 357; x_wconf 90' lang='lat' dir='ltr'>a</span> <span class='ocrx_word' id='word_1_16' title='bbox 756 303 1040 357; x_wconf 84' lang='lat' dir='ltr'>Priamidis</span> <span class='ocrx_word' id='word_1_17' title='bbox 1078 303 1450 371; x_wconf 74' lang='lat' dir='ltr'>festinabatur,</span> <span class='ocrx_word' id='word_1_18' title='bbox 1489 304 1570 358; x_wconf 91' lang='lat' dir='ltr'>uti</span> <span class='ocrx_word' id='word_1_19' title='bbox 1607 322 1728 373; x_wconf 86' lang='lat' dir='ltr'>pro·</span> 
     </span>
     <span class='ocr_line' id='line_1_4' title="bbox 109 375 1726 449; baseline -0.002 -18"><span class='ocrx_word' id='word_1_20' title='bbox 109 396 235 449; x_wconf 88' lang='lat' dir='ltr'>pere</span> <span class='ocrx_word' id='word_1_21' title='bbox 273 378 533 430; x_wconf 87' lang='lat' dir='ltr'>instructo</span> <span class='ocrx_word' id='word_1_22' title='bbox 582 375 815 428; x_wconf 88' lang='lat' dir='ltr'>exercitu</span> <span class='ocrx_word' id='word_1_23' title='bbox 863 377 1075 443; x_wconf 89' lang='lat' dir='ltr'>tempus</span> <span class='ocrx_word' id='word_1_24' title='bbox 1122 375 1472 444; x_wconf 88' lang='lat' dir='ltr'>profectionis</span> <span class='ocrx_word' id='word_1_25' title='bbox 1518 379 1726 428; x_wconf 86' lang='lat' dir='ltr'>anteca-</span> 
     </span>
     <span class='ocr_line' id='line_1_5' title="bbox 109 444 1727 520; baseline -0.002 -18"><span class='ocrx_word' id='word_1_26' title='bbox 109 452 302 520; x_wconf 85' lang='lat' dir='ltr'>perent</span> <span class='ocrx_word' id='word_1_27' title='bbox 336 451 496 517; x_wconf 90' lang='lat' dir='ltr'>atque</span> <span class='ocrx_word' id='word_1_28' title='bbox 535 463 693 500; x_wconf 93' lang='lat' dir='ltr'>omne</span> <span class='ocrx_word' id='word_1_29' title='bbox 720 444 864 515; x_wconf 91' lang='lat' dir='ltr'>quod</span> <span class='ocrx_word' id='word_1_30' title='bbox 900 446 1190 514; x_wconf 90' lang='lat' dir='ltr'>parabatur</span> <span class='ocrx_word' id='word_1_31' title='bbox 1221 446 1423 499; x_wconf 89' lang='lat' dir='ltr'>bellum</span> <span class='ocrx_word' id='word_1_32' title='bbox 1461 446 1519 499; x_wconf 92' lang='lat' dir='ltr'>in</span> <span class='ocrx_word' id='word_1_33' title='bbox 1556 446 1727 517; x_wconf 88' lang='lat' dir='ltr'>regio-</span> 
     </span>
     <span class='ocr_line' id='line_1_6' title="bbox 110 518 1759 585; baseline -0.007 -12"><span class='ocrx_word' id='word_1_34' title='bbox 110 539 207 574; x_wconf 85' lang='lat' dir='ltr'>nes</span> <span class='ocrx_word' id='word_1_35' title='bbox 246 518 499 572; x_wconf 83' lang='lat' dir='ltr'>Graeciae</span> <span class='ocrx_word' id='word_1_36' title='bbox 537 519 1007 585; x_wconf 67' lang='lat' dir='ltr'>transportaretur.</span> <span class='ocrx_word' id='word_1_37' title='bbox 1752 553 1759 561; x_wconf 93' lang='lat'>.</span> 
     </span>
    </p>

    <p class='ocr_par' dir='ltr' id='par_1_3' title="bbox 110 586 1796 1012">
     <span class='ocr_line' id='line_1_7' title="bbox 251 586 1729 658; baseline -0.001 -16"><span class='ocrx_word' id='word_1_38' title='bbox 251 588 347 642; x_wconf 93' lang='lat' dir='ltr'>IX.</span> <span class='ocrx_word' id='word_1_39' title='bbox 422 587 567 640; x_wconf 93' lang='lat' dir='ltr'>Dum</span> <span class='ocrx_word' id='word_1_40' title='bbox 614 587 745 640; x_wconf 92' lang='lat' dir='ltr'>haec</span> <span class='ocrx_word' id='word_1_41' title='bbox 801 586 942 655; x_wconf 90' lang='lat' dir='ltr'>apud</span> <span class='ocrx_word' id='word_1_42' title='bbox 990 586 1209 640; x_wconf 86' lang='lat' dir='ltr'>Troiam</span> <span class='ocrx_word' id='word_1_43' title='bbox 1264 592 1552 658; x_wconf 88' lang='lat' dir='ltr'>geruntur,</span> <span class='ocrx_word' id='word_1_44' title='bbox 1601 586 1729 641; x_wconf 91' lang='lat' dir='ltr'>Dio—</span> 
     </span>
     <span class='ocr_line' id='line_1_8' title="bbox 110 658 1731 728; baseline -0.002 -14"><span class='ocrx_word' id='word_1_45' title='bbox 110 660 290 714; x_wconf 85' lang='lat' dir='ltr'>medes</span> <span class='ocrx_word' id='word_1_46' title='bbox 355 659 557 728; x_wconf 82' lang='lat' dir='ltr'>incepti</span> <span class='ocrx_word' id='word_1_47' title='bbox 615 676 800 711; x_wconf 92' lang='lat' dir='ltr'>eorum</span> <span class='ocrx_word' id='word_1_48' title='bbox 848 658 1043 711; x_wconf 88' lang='lat' dir='ltr'>certior</span> <span class='ocrx_word' id='word_1_49' title='bbox 1089 659 1262 711; x_wconf 86' lang='lat' dir='ltr'>factus</span> <span class='ocrx_word' id='word_1_50' title='bbox 1309 675 1506 728; x_wconf 86' lang='lat' dir='ltr'>magna</span> <span class='ocrx_word' id='word_1_51' title='bbox 1551 658 1731 712; x_wconf 90' lang='lat' dir='ltr'>celeri-</span> 
     </span>
     <span class='ocr_line' id='line_1_9' title="bbox 112 729 1731 799; baseline -0.002 -13"><span class='ocrx_word' id='word_1_52' title='bbox 112 735 223 786; x_wconf 83' lang='lat' dir='ltr'>tate</span> <span class='ocrx_word' id='word_1_53' title='bbox 260 748 356 799; x_wconf 91' lang='lat' dir='ltr'>per</span> <span class='ocrx_word' id='word_1_54' title='bbox 393 747 607 783; x_wconf 92' lang='lat' dir='ltr'>omnem</span> <span class='ocrx_word' id='word_1_55' title='bbox 647 729 926 782; x_wconf 82' lang='lat' dir='ltr'>Graeciam</span> <span class='ocrx_word' id='word_1_56' title='bbox 963 733 1285 799; x_wconf 87' lang='lat' dir='ltr'>pervagatus</span> <span class='ocrx_word' id='word_1_57' title='bbox 1323 730 1602 783; x_wconf 87' lang='lat' dir='ltr'>universos</span> <span class='ocrx_word' id='word_1_58' title='bbox 1640 729 1731 782; x_wconf 86' lang='lat' dir='ltr'>du-</span> 
     </span>
     <span class='ocr_line' id='line_1_10' title="bbox 110 799 1731 869; baseline -0.002 -13"><span class='ocrx_word' id='word_1_59' title='bbox 110 821 199 856; x_wconf 88' lang='lat' dir='ltr'>ces</span> <span class='ocrx_word' id='word_1_60' title='bbox 236 801 490 855; x_wconf 84' lang='lat' dir='ltr'>convem&#39;t</span> <span class='ocrx_word' id='word_1_61' title='bbox 542 800 732 869; x_wconf 87' lang='lat' dir='ltr'>hisque</span> <span class='ocrx_word' id='word_1_62' title='bbox 771 800 1055 853; x_wconf 90' lang='lat' dir='ltr'>consilium</span> <span class='ocrx_word' id='word_1_63' title='bbox 1093 799 1450 854; x_wconf 85' lang='lat' dir='ltr'>Troianorum</span> <span class='ocrx_word' id='word_1_64' title='bbox 1486 800 1731 869; x_wconf 89' lang='lat' dir='ltr'>aperiens</span> 
     </span>
     <span class='ocr_line' id='line_1_11' title="bbox 110 871 1796 941; baseline -0.002 -14"><span class='ocrx_word' id='word_1_65' title='bbox 110 875 298 927; x_wconf 89' lang='lat' dir='ltr'>monet</span> <span class='ocrx_word' id='word_1_66' title='bbox 350 875 510 941; x_wconf 86' lang='lat' dir='ltr'>atque</span> <span class='ocrx_word' id='word_1_67' title='bbox 567 872 837 940; x_wconf 85' lang='lat' dir='ltr'>hortatur,</span> <span class='ocrx_word' id='word_1_68' title='bbox 896 872 977 924; x_wconf 88' lang='lat' dir='ltr'>uti</span> <span class='ocrx_word' id='word_1_69' title='bbox 1033 872 1428 940; x_wconf 88' lang='lat' dir='ltr'>quamprimum</span> <span class='ocrx_word' id='word_1_70' title='bbox 1483 871 1732 924; x_wconf 84' lang='lat' dir='ltr'>instructi</span> <span class='ocrx_word' id='word_1_71' title='bbox 1756 885 1796 916; x_wconf 85' lang='lat'>10</span> 
     </span>
     <span class='ocr_line' id='line_1_12' title="bbox 113 941 1730 1012; baseline -0.002 -15"><span class='ocrx_word' id='word_1_72' title='bbox 113 944 271 997; x_wconf 90' lang='lat' dir='ltr'>rebus</span> <span class='ocrx_word' id='word_1_73' title='bbox 317 942 459 995; x_wconf 89' lang='lat' dir='ltr'>bello</span> <span class='ocrx_word' id='word_1_74' title='bbox 508 942 820 995; x_wconf 87' lang='lat' dir='ltr'>necessariis</span> <span class='ocrx_word' id='word_1_75' title='bbox 870 941 936 995; x_wconf 90' lang='lat' dir='ltr'>ad</span> <span class='ocrx_word' id='word_1_76' title='bbox 982 942 1348 1012; x_wconf 88' lang='lat' dir='ltr'>navigandum</span> <span class='ocrx_word' id='word_1_77' title='bbox 1394 942 1730 995; x_wconf 86' lang='lat' dir='ltr'>festinarent.</span> 
     </span>
    </p>

    <p class='ocr_par' dir='ltr' id='par_1_4' title="bbox 71 1013 1804 2142">
     <span class='ocr_line' id='line_1_13' title="bbox 71 1013 1733 1084; baseline -0.001 -16"><span class='ocrx_word' id='word_1_78' title='bbox 71 1056 80 1061; x_wconf 89' lang='lat'><em>.</em></span> <span class='ocrx_word' id='word_1_79' title='bbox 113 1033 288 1084; x_wconf 91' lang='lat' dir='ltr'>neque</span> <span class='ocrx_word' id='word_1_80' title='bbox 314 1013 484 1066; x_wconf 91' lang='lat' dir='ltr'>multo</span> <span class='ocrx_word' id='word_1_81' title='bbox 522 1017 647 1082; x_wconf 90' lang='lat' dir='ltr'>post</span> <span class='ocrx_word' id='word_1_82' title='bbox 683 1031 738 1065; x_wconf 90' lang='lat' dir='ltr'>re</span> <span class='ocrx_word' id='word_1_83' title='bbox 779 1013 997 1082; x_wconf 91' lang='lat' dir='ltr'>cognita</span> <span class='ocrx_word' id='word_1_84' title='bbox 1021 1015 1198 1083; x_wconf 90' lang='lat' dir='ltr'>Argos</span> <span class='ocrx_word' id='word_1_85' title='bbox 1237 1014 1304 1066; x_wconf 92' lang='lat' dir='ltr'>ab</span> <span class='ocrx_word' id='word_1_86' title='bbox 1332 1013 1583 1066; x_wconf 89' lang='lat' dir='ltr'>omnibus</span> <span class='ocrx_word' id='word_1_87' title='bbox 1610 1031 1733 1067; x_wconf 92' lang='lat' dir='ltr'>con·</span> 
     </span>
     <span class='ocr_line' id='line_1_14' title="bbox 114 1083 1736 1154; baseline -0.002 -15"><span class='ocrx_word' id='word_1_88' title='bbox 114 1085 354 1139; x_wconf 82' lang='lat' dir='ltr'>venitur:</span> <span class='ocrx_word' id='word_1_89' title='bbox 394 1084 470 1136; x_wconf 91' lang='lat' dir='ltr'>ibi</span> <span class='ocrx_word' id='word_1_90' title='bbox 507 1083 746 1137; x_wconf 83' lang='lat' dir='ltr'>Achilles</span> <span class='ocrx_word' id='word_1_91' title='bbox 785 1084 900 1153; x_wconf 90' lang='lat' dir='ltr'>regi</span> <span class='ocrx_word' id='word_1_92' title='bbox 937 1083 1275 1154; x_wconf 79' lang='lat' dir='ltr'>indignatuS,</span> <span class='ocrx_word' id='word_1_93' title='bbox 1324 1084 1467 1152; x_wconf 92' lang='lat' dir='ltr'>quod</span> <span class='ocrx_word' id='word_1_94' title='bbox 1513 1088 1736 1153; x_wconf 88' lang='lat' dir='ltr'>propter</span> 
     </span>
     <span class='ocr_line' id='line_1_15' title="bbox 113 1153 1734 1225; baseline -0.001 -16"><span class='ocrx_word' id='word_1_95' title='bbox 113 1156 281 1209; x_wconf 83' lang='lat' dir='ltr'>filiam</span> <span class='ocrx_word' id='word_1_96' title='bbox 317 1158 565 1207; x_wconf 87' lang='lat' dir='ltr'>renueret</span> <span class='ocrx_word' id='word_1_97' title='bbox 610 1154 1030 1223; x_wconf 88' lang='lat' dir='ltr'>profectionem,</span> <span class='ocrx_word' id='word_1_98' title='bbox 1077 1154 1144 1207; x_wconf 91' lang='lat' dir='ltr'>ab</span> <span class='ocrx_word' id='word_1_99' title='bbox 1193 1153 1352 1208; x_wconf 87' lang='lat' dir='ltr'>Ulixe</span> <span class='ocrx_word' id='word_1_100' title='bbox 1400 1155 1458 1207; x_wconf 92' lang='lat' dir='ltr'>in</span> <span class='ocrx_word' id='word_1_101' title='bbox 1504 1155 1734 1225; x_wconf 85' lang='lat' dir='ltr'>gratiam</span> 
     </span>
     <span class='ocr_line' id='line_1_16' title="bbox 114 1225 1799 1294; baseline -0.001 -14"><span class='ocrx_word' id='word_1_102' title='bbox 114 1226 363 1280; x_wconf 86' lang='lat' dir='ltr'>reductus</span> <span class='ocrx_word' id='word_1_103' title='bbox 401 1228 495 1278; x_wconf 88' lang='lat' dir='ltr'>est.</span> <span class='ocrx_word' id='word_1_104' title='bbox 573 1226 617 1278; x_wconf 92' lang='lat' dir='ltr'>is</span> <span class='ocrx_word' id='word_1_105' title='bbox 655 1243 886 1294; x_wconf 92' lang='lat' dir='ltr'>namque</span> <span class='ocrx_word' id='word_1_106' title='bbox 925 1225 1015 1278; x_wconf 90' lang='lat' dir='ltr'>diu</span> <span class='ocrx_word' id='word_1_107' title='bbox 1042 1229 1244 1279; x_wconf 90' lang='lat' dir='ltr'>maesto</span> <span class='ocrx_word' id='word_1_108' title='bbox 1283 1243 1344 1278; x_wconf 90' lang='lat' dir='ltr'>ac</span> <span class='ocrx_word' id='word_1_109' title='bbox 1381 1227 1529 1278; x_wconf 90' lang='lat' dir='ltr'>luctu</span> <span class='ocrx_word' id='word_1_110' title='bbox 1559 1226 1734 1278; x_wconf 89' lang='lat' dir='ltr'>obsito</span> <span class='ocrx_word' id='word_1_111' title='bbox 1759 1239 1799 1271; x_wconf 81' lang='lat'>15</span> 
     </span>
     <span class='ocr_line' id='line_1_17' title="bbox 117 1296 1734 1368; baseline 0 -19"><span class='ocrx_word' id='word_1_112' title='bbox 117 1297 517 1368; x_wconf 86' lang='lat' dir='ltr'>Agamemnoni</span> <span class='ocrx_word' id='word_1_113' title='bbox 564 1296 844 1348; x_wconf 89' lang='lat' dir='ltr'>insinuans</span> <span class='ocrx_word' id='word_1_114' title='bbox 855 1338 868 1364; x_wconf 97' lang='lat'>,</span> <span class='ocrx_word' id='word_1_115' title='bbox 909 1314 1044 1364; x_wconf 86' lang='lat' dir='ltr'>quae</span> <span class='ocrx_word' id='word_1_116' title='bbox 1083 1296 1223 1349; x_wconf 90' lang='lat' dir='ltr'>circa</span> <span class='ocrx_word' id='word_1_117' title='bbox 1260 1296 1427 1348; x_wconf 90' lang='lat' dir='ltr'>filiam</span> <span class='ocrx_word' id='word_1_118' title='bbox 1465 1297 1578 1349; x_wconf 90' lang='lat' dir='ltr'>eius</span> <span class='ocrx_word' id='word_1_119' title='bbox 1618 1314 1734 1349; x_wconf 90' lang='lat' dir='ltr'>eve·</span> 
     </span>
     <span class='ocr_line' id='line_1_18' title="bbox 116 1366 1734 1436; baseline -0.001 -14"><span class='ocrx_word' id='word_1_120' title='bbox 116 1369 349 1435; x_wconf 87' lang='lat' dir='ltr'>nissent‚</span> <span class='ocrx_word' id='word_1_121' title='bbox 396 1366 634 1419; x_wconf 85' lang='lat' dir='ltr'>animum</span> <span class='ocrx_word' id='word_1_122' title='bbox 683 1370 843 1435; x_wconf 91' lang='lat' dir='ltr'>atque</span> <span class='ocrx_word' id='word_1_123' title='bbox 902 1370 1151 1419; x_wconf 90' lang='lat' dir='ltr'>ornatum</span> <span class='ocrx_word' id='word_1_124' title='bbox 1207 1368 1348 1436; x_wconf 87' lang='lat' dir='ltr'>regis</span> <span class='ocrx_word' id='word_1_125' title='bbox 1405 1366 1734 1420; x_wconf 81' lang='lat' dir='ltr'>reformavit.</span> 
     </span>
     <span class='ocr_line' id='line_1_19' title="bbox 116 1437 1736 1511; baseline -0.001 -19"><span class='ocrx_word' id='word_1_126' title='bbox 116 1439 284 1511; x_wconf 86' lang='lat' dir='ltr'>igitur</span> <span class='ocrx_word' id='word_1_127' title='bbox 321 1438 526 1491; x_wconf 88' lang='lat' dir='ltr'>cunctis</span> <span class='ocrx_word' id='word_1_128' title='bbox 551 1437 921 1506; x_wconf 89' lang='lat' dir='ltr'>praesentibus</span> <span class='ocrx_word' id='word_1_129' title='bbox 948 1455 1274 1507; x_wconf 86' lang='lat' dir='ltr'>quamquam</span> <span class='ocrx_word' id='word_1_130' title='bbox 1312 1456 1343 1490; x_wconf 90' lang='lat' dir='ltr'>a</span> <span class='ocrx_word' id='word_1_131' title='bbox 1377 1438 1530 1492; x_wconf 89' lang='lat' dir='ltr'>nullo</span> <span class='ocrx_word' id='word_1_132' title='bbox 1558 1438 1736 1491; x_wconf 86' lang='lat' dir='ltr'>officia</span> 
     </span>
     <span class='ocr_line' id='line_1_20' title="bbox 115 1508 1737 1579; baseline -0.001 -17"><span class='ocrx_word' id='word_1_133' title='bbox 115 1509 340 1563; x_wconf 83' lang='lat' dir='ltr'>militiae</span> <span class='ocrx_word' id='word_1_134' title='bbox 376 1508 534 1579; x_wconf 89' lang='lat' dir='ltr'>negle</span> <span class='ocrx_word' id='word_1_135' title='bbox 576 1508 827 1577; x_wconf 87' lang='lat' dir='ltr'>ebantur,</span> <span class='ocrx_word' id='word_1_136' title='bbox 866 1509 1151 1577; x_wconf 88' lang='lat' dir='ltr'>praecipue</span> <span class='ocrx_word' id='word_1_137' title='bbox 1189 1511 1372 1561; x_wconf 86' lang='lat' dir='ltr'>tamen</span> <span class='ocrx_word' id='word_1_138' title='bbox 1409 1509 1548 1561; x_wconf 87' lang='lat' dir='ltr'>Aiax</span> <span class='ocrx_word' id='word_1_139' title='bbox 1585 1508 1737 1561; x_wconf 89' lang='lat' dir='ltr'>Tela-</span> 
     </span>
     <span class='ocr_line' id='line_1_21' title="bbox 117 1578 1799 1634; baseline -0.001 0"><span class='ocrx_word' id='word_1_140' title='bbox 117 1580 332 1634; x_wconf 82' lang='lat' dir='ltr'>mom‘us</span> <span class='ocrx_word' id='word_1_141' title='bbox 379 1583 433 1632; x_wconf 87' lang='lat' dir='ltr'>et</span> <span class='ocrx_word' id='word_1_142' title='bbox 470 1579 551 1631; x_wconf 90' lang='lat' dir='ltr'>Ac</span> <span class='ocrx_word' id='word_1_143' title='bbox 593 1578 710 1631; x_wconf 90' lang='lat' dir='ltr'>illes</span> <span class='ocrx_word' id='word_1_144' title='bbox 758 1596 880 1631; x_wconf 94' lang='lat' dir='ltr'>cum</span> <span class='ocrx_word' id='word_1_145' title='bbox 917 1578 1178 1632; x_wconf 90' lang='lat' dir='ltr'>Diomede</span> <span class='ocrx_word' id='word_1_146' title='bbox 1227 1597 1409 1632; x_wconf 85' lang='lat' dir='ltr'>curam</span> <span class='ocrx_word' id='word_1_147' title='bbox 1446 1580 1736 1632; x_wconf 86' lang='lat' dir='ltr'>maximam</span> <span class='ocrx_word' id='word_1_148' title='bbox 1759 1595 1799 1626; x_wconf 79' lang='lat'>20</span> 
     </span>
     <span class='ocr_line' id='line_1_22' title="bbox 117 1649 1738 1720; baseline -0.001 -16"><span class='ocrx_word' id='word_1_149' title='bbox 117 1650 461 1718; x_wconf 86' lang='lat' dir='ltr'>studiumque</span> <span class='ocrx_word' id='word_1_150' title='bbox 499 1649 809 1718; x_wconf 88' lang='lat' dir='ltr'>inportandi</span> <span class='ocrx_word' id='word_1_151' title='bbox 834 1649 963 1702; x_wconf 87' lang='lat' dir='ltr'>belli</span> <span class='ocrx_word' id='word_1_152' title='bbox 992 1654 1358 1718; x_wconf 85' lang='lat' dir='ltr'>susceperant:</span> <span class='ocrx_word' id='word_1_153' title='bbox 1397 1651 1587 1719; x_wconf 86' lang='lat' dir='ltr'>hisque</span> <span class='ocrx_word' id='word_1_154' title='bbox 1624 1651 1738 1720; x_wconf 89' lang='lat' dir='ltr'>pla-</span> 
     </span>
     <span class='ocr_line' id='line_1_23' title="bbox 118 1721 1738 1790; baseline -0.001 -16"><span class='ocrx_word' id='word_1_155' title='bbox 118 1725 227 1790; x_wconf 87' lang='lat' dir='ltr'>cet,</span> <span class='ocrx_word' id='word_1_156' title='bbox 276 1721 357 1774; x_wconf 90' lang='lat' dir='ltr'>uti</span> <span class='ocrx_word' id='word_1_157' title='bbox 404 1723 614 1789; x_wconf 85' lang='lat' dir='ltr'>praeter</span> <span class='ocrx_word' id='word_1_158' title='bbox 661 1724 988 1773; x_wconf 86' lang='lat' dir='ltr'>contractam</span> <span class='ocrx_word' id='word_1_159' title='bbox 1036 1721 1259 1773; x_wconf 85' lang='lat' dir='ltr'>classem</span> <span class='ocrx_word' id='word_1_160' title='bbox 1306 1738 1496 1790; x_wconf 81' lang='lat' dir='ltr'>naveS,</span> <span class='ocrx_word' id='word_1_161' title='bbox 1546 1722 1738 1790; x_wconf 88' lang='lat' dir='ltr'>quibus</span> 
     </span>
     <span class='ocr_line' id='line_1_24' title="bbox 118 1791 1738 1860; baseline 0 -16"><span class='ocrx_word' id='word_1_162' title='bbox 118 1792 238 1846; x_wconf 90' lang='lat' dir='ltr'>loca</span> <span class='ocrx_word' id='word_1_163' title='bbox 282 1791 502 1844; x_wconf 90' lang='lat' dir='ltr'>hostilia</span> <span class='ocrx_word' id='word_1_164' title='bbox 547 1791 910 1859; x_wconf 86' lang='lat' dir='ltr'>incursarent,</span> <span class='ocrx_word' id='word_1_165' title='bbox 957 1795 1366 1860; x_wconf 86' lang='lat' dir='ltr'>praeparentur:</span> <span class='ocrx_word' id='word_1_166' title='bbox 1429 1792 1505 1844; x_wconf 91' lang='lat' dir='ltr'>ita</span> <span class='ocrx_word' id='word_1_167' title='bbox 1553 1792 1738 1845; x_wconf 88' lang='lat' dir='ltr'>diebus</span> 
     </span>
     <span class='ocr_line' id='line_1_25' title="bbox 118 1862 1741 1932; baseline 0.001 -17"><span class='ocrx_word' id='word_1_168' title='bbox 118 1862 302 1932; x_wconf 89' lang='lat' dir='ltr'>paucis</span> <span class='ocrx_word' id='word_1_169' title='bbox 328 1862 721 1931; x_wconf 84' lang='lat' dir='ltr'>quinquaginta</span> <span class='ocrx_word' id='word_1_170' title='bbox 739 1862 960 1915; x_wconf 83' lang='lat' dir='ltr'>navium</span> <span class='ocrx_word' id='word_1_171' title='bbox 985 1862 1208 1915; x_wconf 86' lang='lat' dir='ltr'>classem</span> <span class='ocrx_word' id='word_1_172' title='bbox 1244 1863 1561 1915; x_wconf 86' lang='lat' dir='ltr'>instructam</span> <span class='ocrx_word' id='word_1_173' title='bbox 1591 1863 1741 1916; x_wconf 91' lang='lat' dir='ltr'>omni</span> 
     </span>
     <span class='ocr_line' id='line_1_26' title="bbox 122 1933 1804 2004; baseline 0 -18"><span class='ocrx_word' id='word_1_174' title='bbox 122 1950 318 2004; x_wconf 86' lang='lat' dir='ltr'>genere</span> <span class='ocrx_word' id='word_1_175' title='bbox 343 1933 699 2003; x_wconf 88' lang='lat' dir='ltr'>conpingunt.</span> <span class='ocrx_word' id='word_1_176' title='bbox 763 1936 1000 1986; x_wconf 85' lang='lat' dir='ltr'>ceterum</span> <span class='ocrx_word' id='word_1_177' title='bbox 1027 1933 1095 1985; x_wconf 89' lang='lat' dir='ltr'>ab</span> <span class='ocrx_word' id='word_1_178' title='bbox 1133 1934 1348 2002; x_wconf 88' lang='lat' dir='ltr'>incepto</span> <span class='ocrx_word' id='word_1_179' title='bbox 1374 1933 1599 1986; x_wconf 85' lang='lat' dir='ltr'>militiae</span> <span class='ocrx_word' id='word_1_180' title='bbox 1627 1934 1739 1986; x_wconf 87' lang='lat' dir='ltr'>eius</span> <span class='ocrx_word' id='word_1_181' title='bbox 1763 1947 1804 1980; x_wconf 85' lang='lat'>25</span> 
     </span>
     <span class='ocr_line' id='line_1_27' title="bbox 122 2002 1738 2073; baseline -0.001 -15"><span class='ocrx_word' id='word_1_182' title='bbox 122 2006 313 2058; x_wconf 86' lang='lat' dir='ltr'>octavo</span> <span class='ocrx_word' id='word_1_183' title='bbox 351 2004 458 2057; x_wconf 91' lang='lat' dir='ltr'>iam</span> <span class='ocrx_word' id='word_1_184' title='bbox 506 2021 651 2056; x_wconf 90' lang='lat' dir='ltr'>anno</span> <span class='ocrx_word' id='word_1_185' title='bbox 699 2002 766 2056; x_wconf 89' lang='lat' dir='ltr'>ad</span> <span class='ocrx_word' id='word_1_186' title='bbox 813 2003 917 2056; x_wconf 91' lang='lat' dir='ltr'>hoc</span> <span class='ocrx_word' id='word_1_187' title='bbox 956 2021 1124 2071; x_wconf 92' lang='lat' dir='ltr'>usque</span> <span class='ocrx_word' id='word_1_188' title='bbox 1171 2007 1382 2072; x_wconf 90' lang='lat' dir='ltr'>tempus</span> <span class='ocrx_word' id='word_1_189' title='bbox 1420 2007 1738 2073; x_wconf 90' lang='lat' dir='ltr'>consumpto</span> 
     </span>
     <span class='ocr_line' id='line_1_28' title="bbox 119 2074 836 2142; baseline -0.003 -14"><span class='ocrx_word' id='word_1_190' title='bbox 119 2075 336 2128; x_wconf 85' lang='lat' dir='ltr'>initium</span> <span class='ocrx_word' id='word_1_191' title='bbox 372 2074 505 2127; x_wconf 89' lang='lat' dir='ltr'>noni</span> <span class='ocrx_word' id='word_1_192' title='bbox 543 2077 836 2142; x_wconf 88' lang='lat' dir='ltr'>occeperat.</span> 
     </span>
    </p>

    <p class='ocr_par' dir='ltr' id='par_1_5' title="bbox 123 2143 1807 2567">
     <span class='ocr_line' id='line_1_29' title="bbox 262 2143 1740 2198; baseline 0 -1"><span class='ocrx_word' id='word_1_193' title='bbox 262 2144 330 2197; x_wconf 91' lang='lat' dir='ltr'>X.</span> <span class='ocrx_word' id='word_1_194' title='bbox 389 2146 465 2196; x_wconf 89' lang='lat' dir='ltr'>At</span> <span class='ocrx_word' id='word_1_195' title='bbox 490 2144 583 2196; x_wconf 89' lang='lat' dir='ltr'>ubi</span> <span class='ocrx_word' id='word_1_196' title='bbox 619 2145 912 2197; x_wconf 86' lang='lat' dir='ltr'>instructae</span> <span class='ocrx_word' id='word_1_197' title='bbox 939 2144 1087 2197; x_wconf 90' lang='lat' dir='ltr'>omni</span> <span class='ocrx_word' id='word_1_198' title='bbox 1112 2143 1271 2197; x_wconf 92' lang='lat' dir='ltr'>modo</span> <span class='ocrx_word' id='word_1_199' title='bbox 1298 2144 1490 2198; x_wconf 86' lang='lat' dir='ltr'>classes</span> <span class='ocrx_word' id='word_1_200' title='bbox 1517 2148 1570 2198; x_wconf 89' lang='lat' dir='ltr'>et</span> <span class='ocrx_word' id='word_1_201' title='bbox 1594 2163 1740 2197; x_wconf 89' lang='lat' dir='ltr'>mare</span> 
     </span>
     <span class='ocr_line' id='line_1_30' title="bbox 123 2214 1741 2284; baseline 0 -16"><span class='ocrx_word' id='word_1_202' title='bbox 123 2215 250 2268; x_wconf 84' lang='lat' dir='ltr'>navi</span> <span class='ocrx_word' id='word_1_203' title='bbox 294 2215 342 2267; x_wconf 84' lang='lat' dir='ltr'>&#39;o</span> <span class='ocrx_word' id='word_1_204' title='bbox 399 2218 586 2283; x_wconf 85' lang='lat' dir='ltr'>patens</span> <span class='ocrx_word' id='word_1_205' title='bbox 640 2232 815 2283; x_wconf 88' lang='lat' dir='ltr'>neque</span> <span class='ocrx_word' id='word_1_206' title='bbox 875 2214 984 2266; x_wconf 90' lang='lat' dir='ltr'>ulla</span> <span class='ocrx_word' id='word_1_207' title='bbox 1040 2233 1123 2267; x_wconf 89' lang='lat' dir='ltr'>res</span> <span class='ocrx_word' id='word_1_208' title='bbox 1180 2214 1564 2284; x_wconf 89' lang='lat' dir='ltr'>impedimento</span> <span class='ocrx_word' id='word_1_209' title='bbox 1614 2219 1741 2284; x_wconf 86' lang='lat' dir='ltr'>erat,</span> 
     </span>
     <span class='ocr_line' id='line_1_31' title="bbox 126 2284 1807 2356; baseline 0 -17"><span class='ocrx_word' id='word_1_210' title='bbox 126 2284 255 2354; x_wconf 83' lang='lat' dir='ltr'>Scyt</span> <span class='ocrx_word' id='word_1_211' title='bbox 296 2302 352 2337; x_wconf 87' lang='lat' dir='ltr'>as</span> <span class='ocrx_word' id='word_1_212' title='bbox 363 2326 377 2353; x_wconf 93' lang='lat'>,</span> <span class='ocrx_word' id='word_1_213' title='bbox 426 2284 519 2353; x_wconf 93' lang='lat' dir='ltr'>qui</span> <span class='ocrx_word' id='word_1_214' title='bbox 566 2284 706 2338; x_wconf 88' lang='lat' dir='ltr'>forte</span> <span class='ocrx_word' id='word_1_215' title='bbox 754 2284 1024 2338; x_wconf 87' lang='lat' dir='ltr'>mercandi</span> <span class='ocrx_word' id='word_1_216' title='bbox 1071 2286 1246 2356; x_wconf 88' lang='lat' dir='ltr'>gratia</span> <span class='ocrx_word' id='word_1_217' title='bbox 1293 2304 1355 2339; x_wconf 94' lang='lat' dir='ltr'>eo</span> <span class='ocrx_word' id='word_1_218' title='bbox 1406 2287 1741 2355; x_wconf 88' lang='lat' dir='ltr'>adpulerant,</span> <span class='ocrx_word' id='word_1_219' title='bbox 1766 2301 1807 2333; x_wconf 81' lang='lat'>30</span> 
     </span>
     <span class='ocr_line' id='line_1_32' title="bbox 125 2355 1741 2427; baseline -0.001 -17"><span class='ocrx_word' id='word_1_220' title='bbox 125 2355 419 2410; x_wconf 90' lang='lat' dir='ltr'>conductos</span> <span class='ocrx_word' id='word_1_221' title='bbox 456 2355 697 2409; x_wconf 88' lang='lat' dir='ltr'>mercede</span> <span class='ocrx_word' id='word_1_222' title='bbox 746 2355 904 2410; x_wconf 88' lang='lat' dir='ltr'>duces</span> <span class='ocrx_word' id='word_1_223' title='bbox 941 2356 1292 2424; x_wconf 79' lang='lat' dir='ltr'>profectionis</span> <span class='ocrx_word' id='word_1_224' title='bbox 1331 2357 1444 2410; x_wconf 89' lang='lat' dir='ltr'>eius</span> <span class='ocrx_word' id='word_1_225' title='bbox 1482 2356 1741 2427; x_wconf 89' lang='lat' dir='ltr'>delegere.</span> 
     </span>
     <span class='ocr_line' id='line_1_33' title="bbox 124 2425 1745 2496; baseline 0.001 -17"><span class='ocrx_word' id='word_1_226' title='bbox 124 2444 222 2496; x_wconf 89' lang='lat' dir='ltr'>per</span> <span class='ocrx_word' id='word_1_227' title='bbox 258 2425 399 2479; x_wconf 92' lang='lat' dir='ltr'>idem</span> <span class='ocrx_word' id='word_1_228' title='bbox 424 2429 635 2495; x_wconf 87' lang='lat' dir='ltr'>tempus</span> <span class='ocrx_word' id='word_1_229' title='bbox 661 2426 930 2496; x_wconf 90' lang='lat' dir='ltr'>Telephus</span> <span class='ocrx_word' id='word_1_230' title='bbox 967 2426 1151 2480; x_wconf 91' lang='lat' dir='ltr'>dolore</span> <span class='ocrx_word' id='word_1_231' title='bbox 1179 2428 1416 2480; x_wconf 88' lang='lat' dir='ltr'>vulneris</span> <span class='ocrx_word' id='word_1_232' title='bbox 1443 2428 1572 2495; x_wconf 86' lang='grc'>61116,</span> <span class='ocrx_word' id='word_1_233' title='bbox 1600 2427 1745 2496; x_wconf 91' lang='lat' dir='ltr'>quod</span> 
     </span>
     <span class='ocr_line' id='line_1_34' title="bbox 125 2496 1744 2567; baseline 0 -17"><span class='ocrx_word' id='word_1_234' title='bbox 125 2497 186 2550; x_wconf 92' lang='lat' dir='ltr'>in</span> <span class='ocrx_word' id='word_1_235' title='bbox 220 2496 426 2566; x_wconf 92' lang='lat' dir='ltr'>proelio</span> <span class='ocrx_word' id='word_1_236' title='bbox 466 2497 748 2550; x_wconf 86' lang='lat' dir='ltr'>adversum</span> <span class='ocrx_word' id='word_1_237' title='bbox 787 2497 1019 2551; x_wconf 87' lang='lat' dir='ltr'>Graecos</span> <span class='ocrx_word' id='word_1_238' title='bbox 1059 2501 1352 2567; x_wconf 88' lang='lat' dir='ltr'>acceperat,</span> <span class='ocrx_word' id='word_1_239' title='bbox 1393 2497 1484 2551; x_wconf 91' lang='lat' dir='ltr'>diu</span> <span class='ocrx_word' id='word_1_240' title='bbox 1522 2497 1744 2551; x_wconf 88' lang='lat' dir='ltr'>afflicta·</span> 
     </span>
    </p>
   </div>
   <div class='ocr_carea' id='block_1_3' title="bbox 32 2567 1745 2637">
    <p class='ocr_par' dir='ltr' id='par_1_6' title="bbox 32 2567 1745 2637">
     <span class='ocr_line' id='line_1_35' title="bbox 32 2567 1745 2637; baseline 0.001 -17"><span class='ocrx_word' id='word_1_241' title='bbox 32 2582 38 2587; x_wconf 79' lang='grc'><strong>”</strong></span> <span class='ocrx_word' id='word_1_242' title='bbox 123 2570 214 2620; x_wconf 88' lang='lat' dir='ltr'>tus</span> <span class='ocrx_word' id='word_1_243' title='bbox 225 2609 240 2636; x_wconf 89' lang='lat'>,</span> <span class='ocrx_word' id='word_1_244' title='bbox 287 2585 409 2620; x_wconf 92' lang='lat' dir='ltr'>cum</span> <span class='ocrx_word' id='word_1_245' title='bbox 444 2567 595 2620; x_wconf 92' lang='lat' dir='ltr'>nullo</span> <span class='ocrx_word' id='word_1_246' title='bbox 644 2567 879 2621; x_wconf 90' lang='lat' dir='ltr'>remedio</span> <span class='ocrx_word' id='word_1_247' title='bbox 926 2567 1128 2621; x_wconf 92' lang='lat' dir='ltr'>mederi</span> <span class='ocrx_word' id='word_1_248' title='bbox 1174 2573 1378 2637; x_wconf 90' lang='lat' dir='ltr'>posset,</span> <span class='ocrx_word' id='word_1_249' title='bbox 1427 2569 1495 2621; x_wconf 90' lang='lat' dir='ltr'>ad</span> <span class='ocrx_word' id='word_1_250' title='bbox 1541 2572 1745 2637; x_wconf 87' lang='lat' dir='ltr'>postre-</span> 
     </span>
    </p>
   </div>
   <div class='ocr_carea' id='block_1_4' title="bbox 126 2637 1810 2709">
    <p class='ocr_par' dir='ltr' id='par_1_7' title="bbox 126 2637 1810 2709">
     <span class='ocr_line' id='line_1_36' title="bbox 126 2637 1810 2709; baseline 0.001 -18"><span class='ocrx_word' id='word_1_251' title='bbox 126 2656 275 2691; x_wconf 92' lang='lat' dir='ltr'>mum</span> <span class='ocrx_word' id='word_1_252' title='bbox 311 2637 581 2706; x_wconf 89' lang='lat' dir='ltr'>Apollinis</span> <span class='ocrx_word' id='word_1_253' title='bbox 621 2639 839 2692; x_wconf 88' lang='lat' dir='ltr'>oraculo</span> <span class='ocrx_word' id='word_1_254' title='bbox 877 2639 1131 2707; x_wconf 82' lang='lat' dir='ltr'>monituS,</span> <span class='ocrx_word' id='word_1_255' title='bbox 1171 2640 1252 2691; x_wconf 92' lang='lat' dir='ltr'>uti</span> <span class='ocrx_word' id='word_1_256' title='bbox 1277 2638 1546 2692; x_wconf 89' lang='lat' dir='ltr'>Achillem</span> <span class='ocrx_word' id='word_1_257' title='bbox 1585 2643 1744 2709; x_wconf 90' lang='lat' dir='ltr'>atque</span> <span class='ocrx_word' id='word_1_258' title='bbox 1768 2652 1810 2686; x_wconf 81' lang='lat'>35</span> 
     </span>
    </p>
   </div>
   <div class='ocr_carea' id='block_1_5' title="bbox 129 2747 465 2753">
    <p class='ocr_par' dir='ltr' id='par_1_8' title="bbox 129 2747 465 2753">
     <span class='ocr_line' id='line_1_37' title="bbox 129 2747 465 2753; baseline 0 0"><span class='ocrx_word' id='word_1_259' title='bbox 129 2747 465 2753; x_wconf 95' lang='lat' dir='ltr'> </span> 
     </span>
    </p>
   </div>
   <div class='ocr_carea' id='block_1_6' title="bbox 128 2793 1749 2962">
    <p class='ocr_par' dir='ltr' id='par_1_9' title="bbox 128 2793 1749 2962">
     <span class='ocr_line' id='line_1_38' title="bbox 244 2793 1748 2849; baseline 0.003 -15"><span class='ocrx_word' id='word_1_260' title='bbox 244 2795 297 2834; x_wconf 88' lang='lat'>14</span> <span class='ocrx_word' id='word_1_261' title='bbox 329 2799 577 2837; x_wconf 83' lang='lat' dir='ltr'>rennueret</span> <span class='ocrx_word' id='word_1_262' title='bbox 609 2795 643 2837; x_wconf 85' lang='lat' dir='ltr'><strong><em>G</em></strong></span> <span class='ocrx_word' id='word_1_263' title='bbox 767 2797 821 2837; x_wconf 83' lang='lat'>21</span> <span class='ocrx_word' id='word_1_264' title='bbox 854 2797 1050 2838; x_wconf 78' lang='lat' dir='ltr'>studium</span> <span class='ocrx_word' id='word_1_265' title='bbox 1085 2793 1144 2837; x_wconf 85' lang='lat' dir='ltr'>G¹</span> <span class='ocrx_word' id='word_1_266' title='bbox 1214 2808 1301 2849; x_wconf 87' lang='lat' dir='ltr'>que</span> <span class='ocrx_word' id='word_1_267' title='bbox 1333 2798 1435 2838; x_wconf 85' lang='lat' dir='ltr'>add.</span> <span class='ocrx_word' id='word_1_268' title='bbox 1468 2799 1492 2837; x_wconf 90' lang='lat'><em>2</em></span> <span class='ocrx_word' id='word_1_269' title='bbox 1522 2811 1573 2837; x_wconf 87' lang='lat' dir='ltr'>m.</span> <span class='ocrx_word' id='word_1_270' title='bbox 1692 2797 1748 2838; x_wconf 82' lang='lat'>28</span> 
     </span>
     <span class='ocr_line' id='line_1_39' title="bbox 129 2850 1749 2907; baseline 0.001 -16"><span class='ocrx_word' id='word_1_271' title='bbox 129 2851 252 2892; x_wconf 88' lang='lat' dir='ltr'>omni</span> <span class='ocrx_word' id='word_1_272' title='bbox 290 2850 420 2892; x_wconf 92' lang='lat' dir='ltr'>modo</span> <span class='ocrx_word' id='word_1_273' title='bbox 463 2851 499 2892; x_wconf 80' lang='lat' dir='ltr'><em>G</em></span> <span class='ocrx_word' id='word_1_274' title='bbox 637 2853 691 2894; x_wconf 83' lang='lat'>29</span> <span class='ocrx_word' id='word_1_275' title='bbox 731 2853 916 2906; x_wconf 83' lang='lat' dir='ltr'>patiens</span> <span class='ocrx_word' id='word_1_276' title='bbox 958 2853 1059 2904; x_wconf 72' lang='grc' dir='ltr'>ΕΒ,</span> <span class='ocrx_word' id='word_1_277' title='bbox 1111 2850 1290 2894; x_wconf 76' lang='grc' dir='ltr'><em>Ονείἱίιιε</em></span> <span class='ocrx_word' id='word_1_278' title='bbox 1337 2858 1523 2907; x_wconf 83' lang='lat' dir='ltr'>patens,</span> <span class='ocrx_word' id='word_1_279' title='bbox 1570 2852 1749 2907; x_wconf 86' lang='lat' dir='ltr'>nauigii</span> 
     </span>
     <span class='ocr_line' id='line_1_40' title="bbox 128 2907 1250 2962; baseline 0.003 -15"><span class='ocrx_word' id='word_1_280' title='bbox 128 2907 314 2960; x_wconf 79' lang='lat' dir='ltr'>patiens</span> <span class='ocrx_word' id='word_1_281' title='bbox 351 2908 396 2947; x_wconf 89' lang='lat' dir='ltr'><em>V</em></span> <span class='ocrx_word' id='word_1_282' title='bbox 505 2908 558 2948; x_wconf 79' lang='lat'>32</span> <span class='ocrx_word' id='word_1_283' title='bbox 589 2907 836 2962; x_wconf 85' lang='lat' dir='ltr'>thelephus</span> <span class='ocrx_word' id='word_1_284' title='bbox 871 2909 905 2950; x_wconf 89' lang='lat' dir='ltr'><em>G</em></span> <span class='ocrx_word' id='word_1_285' title='bbox 965 2908 1167 2950; x_wconf 90' lang='lat' dir='ltr'>dolorem</span> <span class='ocrx_word' id='word_1_286' title='bbox 1201 2909 1250 2950; x_wconf 80' lang='lat' dir='ltr'>G.</span> 
     </span>
    </p>
   </div>
  </div>
 </body>
</html>
