1956 3178
312 126 532 170 DICTYS
563 127 739 170 CRET.
771 127 958 170 BELLI
988 126 1242 171 TROIANI
1273 128 1392 171 LIB.
1424 128 1460 172 Ι.
1654 127 1688 179 3

27 278 30 282 ·
73 253 242 324 igitur
278 269 399 305 cum
442 251 589 305 Nero
638 252 950 320 accepisset,
999 251 1417 320 advertissetque
1455 251 1690 304 Punicas

75 340 188 377 esse
224 322 446 391 litteraS,
485 322 676 375 harum
712 322 914 390 peritos
940 321 1006 374 ad
1044 340 1099 374 se
1127 322 1395 375 evocavit:
1435 323 1527 390 qui
1566 339 1688 374 cum

30 394 370 461 ·venissent,
418 393 754 461 interpretati
810 396 936 445 sunt
983 393 1179 446 omnia.
1266 410 1492 461 cumque
1538 392 1686 446 Nero

72 467 357 534 cognosset
393 463 599 532 antiqui
637 462 762 530 viri,
802 463 895 531 qui
933 462 1074 530 apud
1110 463 1270 515 Ilium
1314 463 1514 532 fuerat,
1552 463 1685 516 haec

55 552 185 587 -esse
222 537 596 602 monumenta,
645 533 799 586 iussit
844 534 902 585 in
941 533 1203 586 Graecum
1243 551 1544 586 sermonem
1583 534 1686 586 ista
1708 547 1731 578 5

19 610 22 620 ”
70 603 364 673 transferri,
403 622 431 656 e
469 604 661 672 quibus
688 602 908 656 Troiani
955 604 1083 656 belli
1120 604 1296 657 verior
1343 608 1522 657 textus
1561 622 1686 656 cun·

70 675 168 729 ctis
193 674 445 728 innotuit.
481 678 611 727 tunc
635 674 997 743 Eupraxidem
1025 675 1335 727 muneribus
1362 678 1416 727 et
1439 673 1687 727 Romana

69 745 283 798 civitate
321 745 577 798 donatum
623 746 690 797 ad
727 746 946 815 propria
990 745 1210 798 remisit.
1285 745 1507 798 annales
1558 763 1684 797 vero

67 815 285 868 nomine
323 814 510 885 Dictys
558 816 846 884 inscriptos
897 817 955 867 in
994 816 1253 868 Graecam
1303 815 1685 868 bibliothecam

66 886 282 955 recepit,
321 904 549 954 quorum
586 887 777 939 seriem
807 888 900 954 qui
938 887 1179 954 sequitur
1215 890 1393 939 textus
1432 886 1682 939 ostendit.
1708 900 1750 931 10

550 1113 807 1173 LIBER
851 1112 1190 1175 PRIMUS.

203 1235 245 1288 I.
310 1235 502 1290 Cuncti
548 1254 724 1307 reges,
778 1238 870 1306 qui
917 1237 1117 1291 Minois
1167 1237 1296 1291 Iove
1344 1239 1515 1308 geniti
1562 1259 1683 1308 pro-

61 1309 284 1374 nepotes
324 1305 576 1360 Graeciae
624 1307 1028 1376 imperitabant,
1078 1309 1144 1360 ad
1186 1308 1497 1362 dividendas
1542 1311 1684 1363 inter

62 1393 117 1429 se
164 1376 318 1429 Atrei
369 1395 496 1446 opes
547 1377 760 1432 Cretam
809 1394 1124 1432 convenere.
1212 1382 1408 1432 Atreus
1446 1399 1679 1450 namque

60 1463 125 1498 ex
160 1445 344 1499 Minoe
388 1451 659 1516 postrema
706 1466 802 1502 sua
850 1449 1103 1502 ordinans
1142 1450 1399 1519 quicquid
1447 1452 1564 1503 auri
1602 1456 1679 1504 at-

59 1533 162 1584 que
200 1518 438 1586 argenti,
484 1536 738 1586 pecorum
786 1519 947 1571 etiam
997 1519 1128 1589 fuit,
1180 1521 1468 1589 nepotibus
1479 1563 1494 1590 ,
1544 1540 1679 1590 quos
1703 1536 1743 1567 15

57 1585 200 1640 filiae
249 1592 572 1657 genuerant,
621 1607 686 1642 ex
734 1607 905 1657 aequo
967 1589 1313 1643 dividendum
1369 1591 1679 1662 reliquerat,

58 1659 279 1725 excepto
307 1658 586 1712 civitatum
610 1662 979 1728 terrarumque
1018 1661 1271 1729 imperio:
1310 1661 1442 1714 haec
1480 1662 1679 1731 quippe

54 1725 372 1780 Idomeneus
429 1746 550 1782 cum
606 1729 876 1798 Merione,
934 1730 1282 1784 Deucalionis
1341 1731 1677 1802 IdomeneUS,

56 1796 191 1850 alter
226 1796 378 1867 Moli,
414 1799 562 1852 iussu
611 1800 723 1853 eius
769 1818 1008 1853 seorsum
1044 1802 1297 1854 habuere.
1377 1820 1677 1856 convenere

54 1870 234 1920 autem
291 1867 577 1938 Clymenae
642 1874 696 1922 et
759 1869 960 1939 Naupli
1023 1871 1335 1924 Palamedes
1403 1876 1457 1925 et
1496 1876 1675 1926 >Oeaxt
1700 1888 1741 1919 20

53 1937 184 1991 item
221 1937 496 1992 Menelaus
506 1982 520 2009 ,
559 1942 775 2009 Aeropa
812 1945 866 1995 et
902 1940 1178 1995 Plisthene
1216 1943 1460 2012 genitus,
1499 1961 1531 1994 a
1569 1962 1676 2011 quo

57 2008 324 2062 Anaxibi‘a
361 2028 536 2079 soror,
587 2029 722 2079 quae
771 2028 835 2064 eo
883 2014 1124 2079 tempore
1170 2011 1390 2065 Nestori
1439 2013 1676 2081 denupta

53 2081 168 2131 erat
213 2082 267 2131 et
310 2081 688 2150 Agamemnon
733 2082 905 2133 maior
953 2081 1144 2149 frater,
1203 2085 1266 2134 ut
1312 2083 1429 2135 vice
1477 2101 1572 2135 sua
1615 2085 1675 2136 in

53 2146 312 2220 divisione
349 2152 613 2218 uteretur,
652 2152 972 2219 petiverant.
1007 2212 1010 2214 q
1048 2152 1140 2204 sed
1187 2152 1245 2204 hi
1292 2170 1404 2204 non
1442 2152 1671 2207 Plisthe-

29 2218 162 2285 ,niS‚
199 2222 261 2270 ut
297 2222 434 2288 erat,
471 2221 642 2290 magis
681 2238 841 2289 quam
867 2221 1019 2274 Atrei
1058 2222 1400 2292 dicebantur,
1441 2225 1510 2275 ob
1549 2242 1668 2277 eam
1690 2239 1732 2270 25

51 2303 266 2341 causam
304 2290 470 2358 quod,
520 2308 640 2343 cum
675 2290 978 2344 Plisthenes
1016 2292 1302 2345 admodum
1339 2294 1517 2361 parvis
1554 2294 1668 2362 ipse

50 2373 215 2428 agens
259 2358 316 2410 in
353 2359 540 2427 primis
578 2362 733 2414 annis
759 2362 871 2414 vita
906 2362 1125 2415 functus
1163 2363 1302 2415 nihil
1341 2363 1564 2433 dignum
1601 2364 1669 2416 ad

49 2428 361 2481 memoriam
406 2430 641 2498 nominis
697 2431 1020 2502 reliquisset,
1079 2435 1279 2485 Atreus
1327 2434 1671 2486 miseratione

49 2497 238 2550 aetatis
276 2516 455 2552 secum
482 2518 571 2552 eos
598 2501 859 2554 habuerat
895 2519 1070 2570 neque
1096 2503 1276 2555 minus
1305 2521 1466 2571 quam
1492 2504 1670 2574 regios

159 2627 187 2666 4
215 2627 403 2668 fuerunt
427 2626 486 2669 6ι
519 2628 705 2670 fuerant
728 2629 790 2670 6²
879 2632 903 2671 7
934 2631 1198 2672 muneribus
1232 2644 1255 2671 e
1282 2631 1359 2672 GA
1447 2633 1472 2672 9
1504 2631 1669 2674 biblio-

46 2683 198 2723 tecam
231 2682 267 2723 G
366 2685 418 2724 15
447 2697 691 2736 peccorum
725 2686 760 2726 G
848 2688 901 2728 20
933 2687 1125 2728 climene
1159 2688 1195 2728 G
1282 2687 1390 2728 aiax
1423 2687 1511 2728 GB
1550 2689 1668 2730 Mer-

43 2748 193 2778 cerus:
243 2737 387 2779 Oeax.
460 2739 613 2793 dictys
652 2742 950 2784 excretacida
981 2742 1067 2784 GB
1105 2743 1204 2794 (sed
1240 2743 1444 2785 creteida
1475 2743 1555 2795 B),
1587 2758 1666 2785 ex-

43 2797 239 2845 punctum
268 2794 522 2837 scholiastae
553 2798 879 2839 additamentum
908 2800 952 2839 in
974 2800 1040 2843 ed.
1064 2798 1164 2842 Obr.
1261 2800 1314 2839 21
1348 2812 1522 2853 europa
1551 2799 1663 2851 libri,

45 2860 160 2891 corr.
181 2851 225 2889 in
245 2851 364 2891 editt.
387 2856 490 2895 nete.
544 2851 742 2905 plistone
768 2854 846 2895 GB
933 2857 988 2895 24
1009 2853 1117 2907 non]
1138 2856 1185 2895 in
1210 2855 1245 2896 G
1265 2869 1342 2896 om.
1359 2855 1402 2895 B
1489 2857 1544 2897 25
1566 2859 1666 2896 erat

0 2959 3 2961 ‚
44 2901 156 2954 libri,
182 2910 316 2947 erant
334 2912 435 2948 uett.
453 2909 572 2951 editt.
640 2910 693 2950 26
711 2911 869 2963 paruis
883 2925 912 2964 9
950 2923 1120 2963 paruus
1139 2911 1174 2951 G
1249 2913 1302 2953 27
1321 2911 1511 2953 functus
1535 2917 1606 2953 est
1631 2912 1666 2952 G

1355 2980 1411 3022 1*
