1956 3178
10 0 161 77 1¹¹⁹·

19 124 43 149 ἶ.

549 145 737 187 BELLI
765 143 1020 189 TROIANI
1050 144 1167 186 LIB.
1197 145 1232 190 Ῑ.
1674 144 1709 196 5

89 272 545 326 consternabatur.
592 274 647 324 at
671 271 763 323 ubi
789 270 1168 323 animadvertit
1191 268 1501 322 Palamedes
1526 286 1708 339 regem

87 343 167 396 ira
216 345 375 411 atque
434 341 806 411 indignatione
865 340 1226 409 stupefactum
1287 339 1511 392 consilio
1573 341 1708 393 exci-

18 433 31 442 ·
88 413 244 482 disse,
281 413 396 481 ipse
431 430 595 465 naves
619 413 774 480 parat
811 414 972 479 atque
999 411 1147 463 omni
1185 411 1543 463 instrumento
1584 428 1708 463 con-

86 483 289 552 positas
315 486 488 535 terrae
514 482 761 550 adplicat.
825 481 949 534 dein
974 500 1071 549 pro
1109 484 1351 551 tempore
1385 498 1567 550 regem
1594 482 1708 533 bre-

86 554 225 607 viter
270 553 599 621 consolatus,
645 552 889 621 inpositis
938 552 1099 604 etiam
1148 570 1212 604 ex
1262 552 1524 604 divisione
1571 569 1706 620 quae
1729 566 1749 597 5

89 624 147 676 in
184 623 280 676 tali
317 623 536 693 negotio
575 626 787 692 tempus
824 623 1153 691 patiebatur,
1192 640 1384 675 navem
1423 622 1706 675 ascendere

87 694 219 746 facit
255 697 310 746 at
349 711 414 745 ue
461 693 537 746 ita
583 694 757 746 ventis
806 711 870 746 ex
918 693 1186 746 sententia
1232 692 1485 746 flantibus
1523 693 1707 761 paucis

86 763 272 816 diebus
347 766 558 832 partam
595 782 901 832 pervenere.
986 782 1048 816 eo
1095 765 1203 816 iam
1239 764 1627 833 Agamemnon‘
1655 767 1709 815 et

85 832 285 887 Nestor
322 852 639 903 omnesque,
680 835 771 904 qui
810 852 874 886 ex
909 835 1118 904 origine
1143 834 1360 903 Pelopis
1399 834 1456 886 in
1483 834 1707 886 Graecia

39 915 45 922 “
84 904 402 974 regnabant,
443 905 676 974 cognitis
713 905 871 957 rebus
910 905 1295 958 confluxerant.
1359 905 1527 975 igitur
1563 908 1707 973 post·
1732 920 1772 950 10

20 1027 21 1030 ,
86 992 246 1043 quam
286 974 593 1028 Menelaum
631 975 908 1028 advenisse
952 976 1152 1044 sciunt,
1203 993 1387 1028 omnes
1435 975 1494 1027 in
1540 993 1709 1027 unum

85 1048 294 1098 coeunt.
371 1050 423 1098 et
460 1064 785 1114 quamquam
822 1046 1074 1099 atrocitas
1110 1046 1239 1099 facti
1277 1046 1344 1098 ad
1381 1045 1704 1115 indignatio-

85 1132 209 1168 nem
247 1115 527 1182 ultumque
578 1117 802 1169 iniurias
849 1118 1115 1185 rapiebat,
1165 1120 1347 1169 tamen
1395 1134 1458 1168 ex
1497 1117 1709 1168 consilii

86 1186 360 1238 sententia
384 1186 635 1255 legantur
658 1188 806 1256 prius
832 1187 899 1239 ad
924 1187 1141 1240 Troiam
1167 1186 1493 1255 PalamedeS,
1521 1185 1708 1239 Ulixes

88 1259 142 1308 et
178 1255 456 1308 Menelaus
492 1257 682 1326 hisque
707 1257 1015 1326 mandatur,
1054 1258 1135 1310 uti
1163 1258 1444 1326 conquesti
1480 1257 1705 1309 iniurias
1730 1270 1769 1303 15

86 1326 352 1379 Helenam
391 1330 444 1379 et
481 1345 617 1395 quae
664 1345 784 1380 cum
831 1346 893 1380 ea
930 1329 1152 1396 abrepta
1195 1331 1348 1380 erant
1384 1331 1704 1396 repeterent.

228 1395 296 1449 V.
358 1395 549 1467 Legati
598 1398 784 1466 paucis
834 1398 1018 1451 diebus
1076 1399 1143 1450 ad
1193 1399 1410 1451 Troiam
1456 1399 1705 1450 veniunt:

83 1484 258 1535 neque
303 1470 486 1519 tamen
534 1467 901 1521 Alexandrum
959 1469 1017 1521 in
1066 1469 1185 1522 loco
1234 1469 1529 1522 offendere:
1586 1487 1708 1520 eum

82 1554 314 1605 namque
351 1539 730 1606 properatione
768 1540 973 1608 navigii
1021 1539 1325 1592 inconsulte
1364 1558 1520 1591 usum
1557 1540 1708 1591 venti

87 1606 155 1659 ad
193 1606 430 1676 Cyprum
468 1609 750 1678 appulere,
789 1609 930 1661 unde
967 1610 1193 1678 sumptis
1232 1610 1440 1679 aliquot
1476 1610 1705 1662 navibus
1726 1623 1768 1654 20

86 1677 414 1731 Phoenicem
470 1678 716 1747 delapsus
781 1679 1126 1732 Sidoniorum
1174 1698 1380 1751 regem,
1440 1680 1532 1748 qui
1586 1698 1707 1732 eum

85 1748 253 1800 amice
300 1753 630 1818 susceperat,
687 1753 852 1802 noctu
900 1750 1109 1802 insidiis
1165 1754 1348 1818 necat,
1398 1755 1706 1819 eademque,

85 1836 191 1887 qua
227 1819 368 1886 apud
405 1817 888 1889 Lacedaemonam,
939 1820 1230 1888 cupiditate
1273 1821 1578 1874 universam
1618 1821 1707 1873 do-

84 1907 232 1941 mum
270 1889 383 1941 eius
420 1892 478 1940 in
516 1890 686 1943 scelus
723 1891 1002 1959 proprium
1040 1892 1321 1945 convertit.
1394 1891 1471 1944 ita
1509 1892 1706 1959 omnia,

85 1977 220 2027 quae
257 1959 325 2011 ad
373 1961 793 2014 ostentationem
840 1962 1019 2031 regiae
1066 1962 1497 2032 magnificentiae
1540 1961 1705 2030 fuere,
1728 1975 1770 2007 25

87 2028 309 2099 indigne
359 2033 514 2098 rapta
561 2031 627 2083 ad
672 2050 836 2084 naves
883 2031 1077 2084 deferri
1124 2032 1288 2085 iubet.
1374 2031 1467 2084 sed
1512 2032 1605 2084 ubi
1643 2049 1707 2084 ex

87 2099 471 2153 lamentatione
528 2119 738 2170 eorum,
806 2102 898 2170 qui
955 2119 1135 2154 casum
1191 2102 1395 2155 domini
1451 2102 1706 2154 deflentes

88 2169 284 2238 reliqui
320 2170 547 2239 praedae
586 2171 932 2241 aufugerant,
979 2173 1244 2226 tumultus
1283 2176 1431 2226 ortus
1471 2176 1574 2241 est,
1614 2191 1707 2241 po-

83 2239 243 2308 pulus
282 2241 454 2292 omnis
501 2241 568 2292 ad
615 2243 817 2311 regiam
868 2244 1152 2297 concurrit.
1227 2244 1378 2312 inde,
1419 2243 1563 2311 quod
1599 2243 1706 2294 iam

84 2309 390 2363 Alexander
434 2311 668 2380 abreptis
716 2330 852 2381 quae
901 2314 1144 2383 cupierat
1180 2315 1549 2367 ascensionem
1586 2331 1706 2381 pro-
1728 2327 1770 2358 30

84 2381 321 2449 perabat,
360 2399 458 2449 pro
496 2385 737 2451 tempore
775 2384 966 2437 armati
1005 2384 1071 2436 ad
1097 2403 1261 2437 naves
1299 2385 1526 2437 veniunt
1563 2386 1705 2436 orto-

87 2468 189 2519 que
226 2451 368 2503 inter
406 2469 496 2503 eos
534 2454 644 2505 acri
681 2455 887 2522 proelio
928 2455 1126 2507 cadunt
1162 2455 1431 2522 utrimque
1469 2454 1714 2522 plurimi„

89 2538 210 2573 cum
257 2522 524 2574 obstinate
572 2523 630 2575 hi
676 2525 816 2594 regis
867 2542 1053 2578 necem
1103 2525 1476 2593 defenderent,
1515 2524 1597 2592 hi,
1636 2542 1705 2576 ne

200 2707 221 2745 1
261 2708 641 2748 consternebatur
674 2708 709 2749 G
824 2709 850 2749 5
892 2710 1056 2762 positis
1097 2710 1215 2761 libri,
1261 2709 1490 2763 impositis
1534 2711 1705 2751 Perizo-

44 2757 45 2760 ’
86 2762 178 2802 nius
302 2763 353 2803 18
382 2765 478 2803 tum
511 2763 588 2804 GB
647 2776 748 2806 eum
781 2765 820 2804 P
951 2768 1001 2806 19
1031 2778 1162 2807 usum
1192 2765 1234 2804 P
1296 2766 1401 2807 usui
1435 2767 1469 2807 G
1526 2769 1600 2807 usi
1638 2766 1703 2811 B,-

89 2818 407 2862 eum—-usum
431 2818 667 2862 Gronovius
697 2823 965 2873 coniectura,
1001 2821 1232 2863 Obreektus
1261 2835 1285 2863 e
1315 2823 1434 2863 libris
1462 2823 1550 2863 suis
1579 2824 1705 2863 resti-

86 2875 180 2914 tuit.
268 2875 323 2915 20
354 2875 618 2917 Dedericlms
646 2881 801 2919 mauult
834 2877 891 2918 ad
914 2878 1172 2931 Aegyptum
1259 2880 1314 2919 30
1345 2880 1553 2932 cupierat
1585 2880 1704 2922 editt.

92 2934 212 2981 ηοω,
243 2930 342 2971 libri
372 2931 603 2985 cupiebat.
