1956 3178
274 124 343 176 70
783 125 1002 168 DICTYS
1034 125 1370 168 CRETENSIS
1443 182 1449 187 λ

274 250 341 303 ad
378 249 582 302 caelum
631 251 838 302 ferunt:
889 250 1086 318 quippe
1134 250 1252 318 quis
1291 251 1471 303 animo
1520 251 1597 303 ita
1641 251 1885 306 haeserat

272 320 423 372 nulla
461 338 554 388 spe
591 319 914 387 impetrandi
940 320 1209 373 cadaveris
1247 321 1528 389 ipsumque
1565 325 1621 374 et
1645 322 1884 390 quicum

275 408 337 442 eo
377 390 606 442 fuissent
641 390 861 442 retineri
899 390 966 442 ab
995 391 1225 459 GraeciS,
1264 392 1493 444 maxime
1532 391 1600 444 ob
1630 391 1883 460 Helenae,

276 478 413 528 quae
451 478 563 512 non
601 460 976 528 remitteretur,
1003 461 1443 514 recordationem.
1509 464 1741 514 ceterum
1768 463 1883 515 viso

234 546 256 578 ε
276 530 524 583 Hectoris
581 530 770 582 funere
818 532 996 583 cuncti
1052 531 1193 583 cives
1249 531 1484 600 sociique
1542 531 1883 585 adcurrentes

272 601 458 652 fletum
494 600 722 668 tollunt,
772 601 1084 653 divellentes
1123 619 1332 654 comam
1365 601 1748 670 foedantesque
1787 620 1883 655 ora

272 671 585 739 laniatibus,
638 689 811 739 neque
849 671 907 723 in
943 674 1094 724 tanta
1132 672 1319 740 populi
1362 672 1704 724 multitudine
1743 673 1883 741 quis-

273 759 435 810 quam
471 742 530 793 in
567 759 622 794 se
648 742 862 793 virtutis
899 745 993 794 aut
1029 742 1142 810 spei
1179 743 1351 794 bonae
1384 741 1634 794 fiduciam
1673 742 1883 795 credere

272 811 367 864 illo
417 811 729 880 interfecto,
778 812 870 880 qui
933 812 1119 864 inclita
1162 830 1258 880 per
1303 815 1489 881 gentes
1526 812 1670 864 fama
1706 830 1885 866 rerum

210 897 252 929 ιο
274 881 612 950 militarium,
673 883 730 934 in
777 900 905 950 pace
954 883 1115 934 etiam
1161 883 1432 950 praeclara
1487 882 1771 950 pudicitia,
1820 900 1884 935 ex

274 970 380 1020 qua
416 952 559 1004 haud
596 952 885 1020 minorem,
937 971 1095 1020 quam
1143 953 1362 1020 reliquis
1410 953 1612 1004 artibus
1657 952 1884 1022 gloriam

275 1022 498 1090 adeptus
538 1026 665 1074 erat.
742 1023 948 1075 interea
984 1022 1276 1090 sepelivere
1315 1041 1435 1075 eum
1471 1022 1616 1075 haud
1652 1023 1814 1092 longe
1852 1041 1883 1075 a

272 1092 480 1145 tumulo
519 1092 586 1144 Ili
623 1093 764 1162 regis
815 1092 1099 1161 quondam.
1175 1092 1300 1144 dein
1345 1096 1530 1145 exorto
1579 1110 1740 1160 quam
1775 1110 1883 1151 ma-

274 1167 416 1215 ximo
456 1163 663 1214 ululatu
710 1166 980 1231 postrema
1028 1163 1207 1215 funeri
1242 1165 1533 1231 peragunt,
1570 1162 1697 1215 hinc
1733 1161 1885 1215 femi-

212 1248 254 1280 15
277 1233 361 1285 nis
423 1250 544 1285 cum
597 1232 820 1285 Hecuba
881 1233 1222 1301 deflentibus,
1286 1233 1412 1285 hinc
1471 1232 1883 1285 reclamantibus

272 1303 519 1355 Troianis
567 1303 695 1355 viris
743 1307 797 1356 et
842 1303 909 1355 ad
944 1306 1273 1371 postremum
1311 1303 1578 1355 sociorum
1615 1303 1882 1372 gentibus.

273 1391 407 1441 quae
432 1392 528 1442 per
554 1373 663 1426 dies
690 1372 871 1426 decem
899 1380 1149 1426 concessa
1173 1373 1407 1425 bellandi
1445 1373 1628 1441 requie
1666 1373 1732 1425 ab
1759 1375 1883 1425 ortu

274 1444 401 1496 solis
440 1444 506 1496 ad
554 1462 720 1512 usque
766 1462 1042 1511 vesperam
1087 1461 1184 1511 per
1220 1443 1483 1495 Troianos
1534 1446 1685 1512 gesta
1731 1442 1882 1495 nullo

273 1532 501 1582 usquam
537 1515 758 1566 remisso
797 1514 1017 1583 lugendi
1055 1513 1251 1566 officio.

207 1599 251 1632 20
414 1585 481 1636 II.
566 1584 787 1637 Interim
836 1602 932 1652 per
983 1583 1193 1636 eosdem
1248 1583 1358 1635 dies
1405 1582 1769 1650 Penthesilea,
1820 1581 1883 1634 de

274 1673 380 1722 qua
436 1658 559 1706 ante
606 1655 1043 1721 memoravimuS,
1099 1672 1224 1706 cum
1291 1670 1490 1722 magna
1544 1654 1882 1705 Amazonum

272 1743 436 1777 manu
495 1725 820 1793 reliquisque
877 1742 941 1776 ex
995 1724 1224 1775 finitimo
1280 1723 1496 1791 populis
1557 1722 1881 1790 supervenit.

274 1812 410 1863 quae
436 1797 722 1863 postquam
747 1795 1131 1862 interemptum
1155 1793 1443 1846 Hectorem
1471 1793 1741 1862 cognovit,
1766 1809 1884 1861 per-

274 1865 421 1916 culsa
458 1868 629 1917 morte
667 1866 779 1917 eius
817 1864 1025 1934 regredi
1063 1864 1280 1915 domum
1317 1863 1537 1931 cupiens
1576 1862 1643 1914 ad
1679 1865 1883 1931 postre-

211 1950 254 1982 25
275 1953 422 1987 mum
471 1935 641 1987 multo
692 1953 821 1987 auro
870 1938 1028 2002 atque
1076 1933 1298 2002 argento
1346 1934 1412 1985 ab
1450 1932 1757 1984 Alexandro
1801 1932 1882 1984 in-

272 2005 411 2058 lecta
457 2005 656 2058 ibidem
705 2004 901 2073 operiri
949 2004 1267 2056 decreverat.
1357 2002 1479 2054 dein
1535 2002 1733 2054 exactis
1791 2001 1884 2053 ali—

273 2078 406 2143 quot
443 2075 627 2127 diebus
666 2076 845 2142 copias
884 2093 1004 2127 suas
1043 2073 1203 2126 armis
1242 2073 1472 2125 instruit.
1549 2075 1604 2124 at
1641 2089 1882 2124 seorsum

274 2146 341 2197 ab
377 2144 624 2197 Troianis
661 2145 778 2212 ipsa
823 2145 931 2196 suis
969 2143 1128 2196 modo
1165 2142 1511 2195 bellatoribus
1550 2142 1676 2194 satis
1709 2140 1880 2194 fidens

273 2215 331 2266 in
367 2231 606 2283 pugnam
640 2215 840 2283 pergit:
899 2232 1065 2266 cornu
1114 2213 1298 2265 dextro
1348 2212 1663 2281 sagittariiS,
1715 2211 1881 2263 altero

206 2301 251 2332 30
274 2285 542 2353 peditibus
579 2285 867 2351 instructO,
906 2284 1107 2336 medios
1147 2283 1350 2350 equites
1388 2282 1630 2334 collocat.
1696 2283 1884 2333 contra

274 2356 339 2407 ab
378 2355 577 2407 nostris
613 2355 690 2407 ita
728 2372 1029 2420 occursum,
1068 2356 1129 2405 ut
1166 2352 1456 2421 sagittariis
1494 2350 1769 2403 Menelaus
1806 2353 1884 2402 at-

276 2443 378 2494 que
406 2423 591 2478 Ulixes
631 2427 684 2476 et
708 2442 829 2477 cum
854 2423 1059 2475 Teucro
1086 2422 1370 2490 Meriones,
1397 2421 1665 2489 peditibus
1690 2420 1883 2472 Aiaces

276 2496 380 2547 duo
447 2494 733 2547 Diomedes
790 2495 1167 2563 Agamemnon
1230 2491 1568 2560 Tlepolemus
1644 2492 1697 2541 et
1762 2507 1884 2542 cum

274 2564 514 2616 Ialmeno
571 2564 904 2633 Ascalaphus
961 2564 1383 2632 opponerentur,
1440 2561 1498 2612 in
1553 2560 1761 2628 equites
1816 2559 1882 2612 ab

388 2736 414 2775 9
455 2734 739 2786 Wopkensz'us
788 2736 861 2774 cui
904 2736 971 2774 uel
1018 2733 1143 2773 cuius
1181 2731 1357 2783 inclyta
1404 2733 1473 2770 uel
1510 2730 1588 2783 qui
1633 2728 1884 2781 inclyta—-

275 2791 402 2830 fama
443 2794 543 2830 erat
660 2793 710 2831 13
744 2790 824 2830 elli
856 2789 935 2830 ΕΒ
973 2802 1086 2829 eor-r.
1119 2789 1161 2828 P
1282 2788 1334 2827 18
1375 2786 1502 2826 nulla
1544 2785 1579 2826 G
1693 2787 1748 2825 30
1783 2789 1883 2836 post

276 2845 624 2911 collocat-uulfqo
656 2850 809 2899 leyc‘tur
839 2847 888 2886 in
920 2846 1019 2898 quis
1049 2846 1175 2897 ipsa,
1209 2856 1316 2897 quae
1349 2856 1425 2885 om.
1461 2841 1560 2888 GB,
1591 2843 1634 2881 in
1662 2841 1706 2881 V
1731 2841 1884 2892 ceyitur

274 2914 323 2941 m
355 2914 455 2954 quxs
486 2914 616 2955 1p81s.
