1956 3178
0 71 10 125 Q?

0 0 23 15 ‚v
206 0 235 19 vr·
260 0 307 9 π,
336 0 366 18 ,.
403 7 405 9 ,

0 18 7 28 r
164 24 173 31 υ
199 16 201 18 “
223 22 225 25 ⁴
247 16 268 31 .’
319 33 321 35 ,
408 31 410 34 .

0 34 12 41 >
144 39 148 42 .

0 55 9 67 t·
33 0 124 77 *fif*
203 56 210 67 a

53 80 58 88 ›

703 138 1122 185 PRAEFATIO.
1618 157 1740 198 xm

234 261 391 316 Unde
431 260 686 314 oriundus
728 261 799 313 sit
838 262 1022 313 auctor
1061 262 1116 312 et
1145 276 1251 330 quo
1282 262 1524 330 tempore
1548 261 1743 315 vixerit

0 328 2 330 V
84 335 303 390 difficile
336 338 420 389 est
444 334 511 388 ad
535 333 958 388 diiudicandum:
991 351 1103 387 non
1125 333 1264 387 male
1281 332 1568 405 Dungerus
1592 354 1644 405 p.
1673 338 1742 390 14

86 426 210 463 011111
248 409 552 463 Romanum
599 408 766 462 fuisse
816 407 939 461 inde
986 409 1317 477 conprobare
1367 412 1593 462 conatus
1643 414 1740 480 est,

89 484 233 553 quod
272 502 393 537 cum
417 481 491 552 (p.
523 483 573 551 3,
602 480 694 552 17)
719 482 1160 552 Argonautarum
1185 483 1516 536 mentionem
1541 483 1742 554 fecerit,

86 557 154 610 de
191 557 524 628 Argonautis
563 555 769 609 Valerii
808 555 985 610 Flacci
1025 555 1140 626 (qui
1179 559 1304 610 ante
1343 575 1390 610 a.
1424 557 1496 611 90
1534 576 1585 627 p.
1617 557 1740 613 Chr.

87 634 332 685 mortuus
374 631 478 701 est)
517 631 849 701 cogitaverit,
888 631 1142 701 quoniam
1183 648 1247 683 ex
1293 630 1378 683 his
1427 633 1740 687 nominatus

88 705 159 758 sit
197 706 359 759 etiam
382 704 707 759 Philoctetes
733 703 807 775 (p.
834 704 920 774 20,
950 703 1057 773 17),
1097 722 1255 773 quem
1278 705 1367 757 ille
1410 706 1555 758 solus
1596 707 1739 760 exhi-

86 779 226 832 beat.
286 777 424 832 Item
455 782 598 831 recte
638 782 822 832 censet
851 779 964 831 eius
988 779 1186 831 librum
1210 781 1486 848 postremo
1510 782 1741 850 tempori

89 853 427 923 antiquitatis
451 851 726 906 Romanae
752 853 962 906 saeculo
999 855 1149 905 sexto
1175 853 1585 908 adscribendum
1610 873 1739 909 esse.

237 924 418 995 Stilus,
459 928 531 980 sit
552 924 712 979 v'enia
736 928 900 980 verbo
923 927 982 979 in
1004 926 1107 979 hoc
1132 927 1407 996 scriptore,
1449 931 1535 981 est
1558 930 1740 999 negle-

86 1001 460 1070 gentissimus:
535 1001 721 1054 eadem
782 1001 970 1070 verba,
1033 1001 1249 1054 eaedem
1311 1003 1739 1073 constructiones

89 1075 400 1144 saepissime
427 1078 745 1144 repetuntur
783 1093 955 1145 neque
995 1075 1105 1127 ulla
1143 1075 1201 1127 in
1239 1075 1398 1129 rebus
1439 1076 1741 1131 describen-

89 1148 170 1201 dis
211 1167 297 1206 ars
339 1152 432 1201 aut
466 1149 702 1202 studium
727 1149 1004 1202 varietatis
1029 1149 1378 1202 manifestum
1403 1154 1500 1219 est,
1541 1151 1742 1221 simpli-

87 1222 303 1275 cissime
344 1223 525 1276 omnia
564 1226 619 1275 et
659 1224 705 1275 si
743 1223 860 1275 fieri
905 1226 1085 1292 potest
1123 1223 1309 1276 eadem
1347 1225 1570 1294 ratione,
1611 1227 1742 1295 quin

90 1296 255 1349 immo
294 1296 484 1349 iisdem
522 1297 699 1350 verbis
741 1300 1105 1366 exponuntur,
1139 1298 1295 1369 *quod
1336 1298 1472 1351 bene
1512 1300 1742 1369 explosit

85 1368 343 1423 Albertus
362 1368 656 1440 StadensiS,
674 1371 738 1424 de
755 1389 860 1441 quo
878 1370 1019 1424 infra
1035 1372 1329 1441 loquemur,
1354 1390 1476 1426 cum
1501 1377 1738 1427 caneret:

233 1443 472 1498 Vocibus
512 1445 715 1497 instare
754 1464 854 1498 nos
895 1463 1104 1514 semper
1144 1448 1357 1515 oportet
1387 1447 1611 1500 eisdem:

236 1516 574 1587 Sternuntur,
615 1522 875 1587 sternunt,
914 1520 1084 1572 millia
1123 1520 1294 1572 multa
1332 1520 1545 1574 cadunt.

85 1588 301 1645 Scilicet
323 1593 691 1661 epitomatoris
716 1594 800 1646 vel
829 1593 992 1646 etiam
1030 1594 1240 1662 pueruli
1278 1595 1514 1647 ieiunam
1553 1614 1738 1649 narra-

84 1665 287 1718 tionem
333 1669 387 1718 te
426 1666 602 1736 legere
643 1668 941 1736 suspiceris
1010 1666 1076 1719 In
1114 1667 1215 1720 hoc
1258 1668 1395 1722 libro
1438 1672 1617 1722 autem
1657 1674 1738 1723 ut-

85 1756 312 1809 cumque
352 1741 655 1809 conscripto
695 1743 876 1805 utrum
906 1741 1129 1794 nomina
1151 1743 1369 1813 propria
1393 1743 1739 1798 librariorum

85 1813 311 1882 incuria,
352 1832 422 1866 an
460 1833 571 1867 11011
609 1815 778 1883 ipsius
820 1816 1052 1868 auctoris
1092 1816 1248 1885 culpa
1287 1819 1402 1870 tam
1440 1817 1595 1870 foede
1625 1837 1739 1871 cor-

86 1890 248 1956 rupta
287 1887 410 1956 sint,
448 1888 560 1940 iure
601 1889 835 1941 dubitari
873 1890 1011 1943 licet.

235 1958 490 2014 Severum
530 1963 744 2032 quidem
785 1963 877 2015 sed
926 1964 1129 2016 iustum
1177 1967 1258 2016 est
1303 1964 1557 2018 iudicium
1597 1967 1739 2035 quod

84 2032 373 2088 Mercerius
435 2036 492 2087 in
545 2036 876 2104 praefatione
932 2037 1181 2090 editionis
1235 2056 1362 2091 suae
1417 2037 1480 2091 de
1540 2038 1739 2092 Darete

90 2107 245 2160 facit:
269 2109 357 2178 „in
382 2127 486 2178 quo
511 2127 682 2180 neque
708 2110 1062 2164 eruditionem
1085 2129 1257 2180 neque
1281 2111 1538 2166 iudicium
1561 2132 1735 2184 neque

92 2181 258 2234 ullam
305 2183 621 2236 elocutionis
674 2184 999 2254 elegantiam
1047 2186 1393 2239 observamus
1403 2228 1417 2255 ,
1462 2190 1524 2240 ut
1576 2188 1737 2242 nimis

89 2254 427 2330 impudenter
487 2257 678 2310 fecisse
742 2257 1006 2327 videatur,
1065 2261 1156 2329 (1111
1215 2258 1451 2315 Cornelii
1507 2260 1736 2331 Nepotis

85 2346 285 2381 nomen
324 2331 611 2383 ementitus
635 2335 720 2384 est
754 2332 907 2402 quasi
930 2333 1459 2388 inficetae‘versionis
1486 2336 1737 2389 auctoris.

86 2401 153 2454 In
197 2405 505 2457 narratione
551 2406 718 2458 totius
765 2406 1023 2460 historiae
1076 2407 1185 2461 fere
1240 2409 1437 2478 ubique
1494 2408 1736 2463 diversus

85 2475 202 2529 abit
240 2477 308 2529 ab
357 2479 504 2531 omni
544 2480 885 2550 antiquitate,
923 2499 1095 2550 pauca
1135 2483 1331 2535 similia
1369 2500 1494 2536 vero
1535 2482 1598 2535 de
1640 2503 1736 2536 suo

90 2548 343 2619 adstruit,
383 2552 615 2605 absurda
660 2554 1102 2625 inconsequentia
1148 2556 1399 2625 plurima:
1447 2560 1507 2609 ut
1552 2558 1636 2610 vel
1684 2558 1738 2610 id

89 2623 232 2693 quod
255 2623 319 2676 de
343 2625 504 2679 variis
535 2627 771 2696 plurium
811 2646 1076 2683 annorum
1117 2648 1177 2683 ac
1217 2631 1484 2684 mensium
1507 2630 1735 2684 induciis

0 2726 2 2728 v
90 2695 315 2767 effingit,
354 2702 417 2751 ut
455 2699 522 2752 ad
561 2700 877 2756 decennium
907 2704 1187 2772 perveniat
1216 2721 1314 2758 nec
1355 2705 1641 2775 quicquam
1680 2707 1736 2759 in

87 2771 206 2823 toto
246 2771 426 2825 libello
452 2774 738 2844 singulare,
775 2780 987 2846 praeter
1010 2775 1366 2831 Thesidarum
1389 2779 1737 2848 mentionem,

93 2861 227 2913 quos
266 2863 376 2898 una
414 2864 535 2900 cum
558 2847 701 2901 Anio
733 2867 846 2904 rem
877 2850 1285 2906 frumentariam
1310 2870 1526 2908 curasse
1552 2854 1739 2907 scribit

91 2918 148 2969 et
184 2917 354 2988 inepti
408 2919 486 2974 illi
540 2919 895 2978 Troianorum
951 2923 1381 2999 Graecorumque
1437 2927 1629 2982 ducum
1685 2931 1738 2981 et

174 3011 311 3048 Damus
335 3013 554 3052 Punrcms.
1376 3030 1399 3062 b
