1956 3178
227 55 230 59 ⁴
268 90 338 143 80
789 91 1005 133 DICTYS
1035 90 1373 135 cRE'rENffls

267 216 442 269 vertit.
527 220 756 284 moque
815 215 1048 268 adventu
1096 215 1208 267 eius
1267 216 1483 286 cognito
1539 217 1599 269 in
1649 217 1877 271 eundem

267 287 446 340 locum
483 304 514 337 a
553 287 758 338 cunctis
784 285 1006 338 ducibus
1032 286 1392 338 concurritur:
1430 285 1610 355 hique,
1643 288 1728 340 >uti
1764 288 1877 340 ani-

268 375 417 409 mum
463 374 693 425 aequum
739 356 986 424 haberet,
1039 355 1405 424 deprecantur.
1480 357 1599 425 quis
1644 357 1878 428 benigne

266 426 593 495 respondens
629 443 729 478 nec
755 426 858 479 sibi
894 427 970 478 ait
1014 427 1323 496 ignoratum
1361 444 1473 479 esse
1509 427 1706 496 omnia,
1742 446 1878 496 quae

225 516 246 549 5
270 497 527 549 divinitus
577 496 899 565 confierent,
946 496 1077 549 forti
1120 499 1335 564 pectore
1380 497 1657 566 patienda,
1703 515 1877 566 neque

269 567 519 635 cuiquam
546 585 706 635 super
740 567 913 619 fatum
937 566 1153 619 vivendi
1192 585 1496 619 concessam
1533 567 1731 637 legem:
1767 571 1878 621 tur-

270 655 395 705 pem
440 655 672 705 namque
721 655 782 689 ac
831 637 1198 690 detestandam
1244 637 1373 689 viris
1422 637 1651 690 fortibus
1698 638 1878 691 condi-

269 707 480 760 cionem
507 710 779 775 senectae,
817 710 1003 760 contra
1041 707 1344 759 imbellibus
1374 707 1679 776 optabilem.
1743 711 1879 761 cete-
1911 733 1916 739 ·

267 796 389 829 rum
435 778 538 830 sibi
586 795 649 830 eo
697 778 955 830 leviorem
1006 777 1245 830 dolorem
1291 794 1427 845 esse,
1477 778 1621 845 quod
1663 796 1777 830 non
1823 778 1877 830 in

207 867 249 899 ιο
271 849 560 900 certamine
618 865 793 916 neque
839 848 897 899 in
943 848 1061 900 luce
1107 847 1236 900 belli
1273 847 1512 899 Achilles
1563 848 1877 901 interfectus

269 921 435 986 esset,
477 936 582 986 quo
621 918 903 970 fortiorem
947 935 1014 969 ne
1054 921 1263 985 optasse
1302 917 1517 985 quidem
1555 936 1878 987 quemquam

269 988 495 1040 existere
544 1006 690 1040 nunc
738 988 823 1040 vel
868 988 927 1039 in
966 988 1314 1055 praeteritum
1361 990 1580 1056 excepto
1627 1006 1736 1041 uno
1782 988 1876 1040 illo

269 1057 516 1110 Hercule.
592 1059 739 1110 addit
784 1060 1087 1125 praeterea:
1124 1057 1296 1109 solum
1334 1057 1507 1108 virum
1545 1057 1768 1126 dignum
1816 1076 1878 1110 ea

268 1131 611 1196 tempestate,
659 1129 756 1180 sub
804 1128 953 1180 cuius
990 1128 1237 1179 manibus
1284 1127 1493 1178 excindi
1537 1127 1755 1180 Troiam
1791 1127 1877 1180 de-

206 1215 247 1248 15
270 1202 427 1265 ceret,
453 1216 627 1266 neque
647 1202 830 1250 tamen
854 1199 1085 1250 abnuere
1107 1197 1251 1266 quod
1279 1197 1651 1264 imperfectum
1670 1216 1702 1250 a
1725 1201 1878 1266 patre

267 1268 515 1320 relictum
552 1272 691 1320 esset
727 1286 756 1320 a
796 1286 850 1319 se
899 1272 1058 1336 atque
1105 1286 1138 1319 a
1174 1268 1640 1319 circumstantibus
1675 1268 1875 1336 perfici.

410 1338 557 1390 XVI.
633 1338 927 1406 Postquam
975 1338 1139 1389 finem
1184 1336 1439 1405 loquendi
1475 1336 1625 1405 fecit,
1663 1338 1721 1390 in
1757 1355 1879 1407 pro-

269 1409 475 1460 ximum
513 1408 653 1460 diem
691 1412 958 1460 certamen
995 1407 1417 1476 pronuntiatum.
1480 1406 1637 1459 duces
1675 1425 1877 1476 omne8‚

270 1479 363 1530 ubi
412 1482 624 1547 tempus
681 1479 855 1530 visum
912 1481 1018 1545 est,
1074 1477 1232 1530 solito
1292 1476 1359 1528 ad
1413 1479 1877 1546 Agamemnonem

206 1568 249 1599 20
270 1551 519 1600 cenatum
564 1549 815 1616 veniunt,
871 1549 931 1599 in
977 1548 1095 1616 quis
1143 1548 1283 1599 Aiax
1338 1564 1458 1599 cum
1503 1546 1556 1599 N
1559 1547 1877 1616 eoptolemO,

268 1618 557 1671 Diomedes
582 1618 769 1671 Ulixes
807 1621 861 1670 et
885 1618 1160 1670 Menelaus
1186 1617 1348 1684 hique
1386 1617 1528 1669 inter
1563 1635 1618 1669 se
1651 1617 1878 1670 eundem

271 1689 450 1741 locum
475 1689 703 1741 cenandi
730 1689 961 1756 capiunt.
1025 1688 1241 1739 interim
1271 1689 1411 1739 inter
1437 1687 1620 1755 epulas
1643 1687 1877 1756 plurima

268 1759 453 1810 iuveni
488 1759 656 1827 patris
692 1759 857 1811 fortia
903 1758 1145 1810 facinora
1192 1774 1472 1809 numerare
1519 1757 1878 1826 virtutemque

271 1829 385 1880 eius
424 1829 890 1882 commemorando
933 1828 1117 1880 efferre
1166 1827 1438 1879 laudibus:
1483 1827 1601 1895 quis
1637 1827 1876 1896 Pyrrhus

208 1914 252 1948 25
273 1917 386 1951 non
411 1899 747 1952 mediocriter
783 1899 953 1950 laetus
979 1915 1332 1964 accensusque
1357 1896 1620 1948 industria
1646 1915 1701 1949 se
1728 1898 1877 1950 omni

269 1987 428 2037 opere
486 1970 668 2022 conari
727 1968 1027 2037 respondit,
1105 1985 1210 2035 quo
1272 1984 1340 2018 ne
1398 1965 1651 2035 indignus
1708 1967 1876 2035 patris

269 2039 473 2091 meritis
501 2040 764 2092 existeret.
827 2039 951 2090 dein
986 2037 1053 2090 ad
1089 2056 1185 2089 sua
1210 2036 1433 2104 quisque
1470 2037 1702 2088 tentoria
1729 2038 1875 2105 quie-

271 2112 389 2160 tum
438 2110 651 2161 abeunt.
727 2112 783 2161 at
829 2112 1044 2176 postero
1093 2107 1177 2159 die
1225 2106 1382 2158 simul
1421 2124 1541 2158 cum
1577 2106 1694 2158 luce
1731 2106 1877 2159 iuve-

271 2179 357 2230 nis
415 2179 601 2231 castris
650 2196 891 2248 egressus
931 2177 1153 2230 offendit
1187 2175 1503 2228 Diomedem
1541 2194 1661 2228 cum
1699 2175 1874 2229 Ulixe.

207 2265 251 2297 30
274 2266 407 2317 quos
446 2249 702 2301 salutatos
753 2248 882 2316 quid
919 2266 1107 2300 causae
1152 2246 1295 2298 foret
1335 2249 1678 2314 percontatur
1713 2246 1878 2314 hique

274 2319 426 2371 aiunt
461 2318 907 2387 interponendam
947 2324 1156 2369 duorum
1204 2316 1409 2368 dierum
1446 2334 1650 2368 moram
1695 2317 1762 2368 ad
1797 2333 1877 2368 re·
1945 2338 1950 2344 ·

273 2388 528 2441 ficiendos
568 2389 800 2440 militum
847 2388 959 2439 eius
1006 2387 1240 2453 animOS,
1283 2386 1448 2454 longo
1487 2386 1676 2437 itinere
1713 2386 1876 2438 maris

274 2459 613 2526 torpentibus
662 2459 822 2510 etiam
873 2474 1018 2508 nunc
1065 2456 1316 2507 membris
1363 2459 1417 2507 et
1463 2455 1530 2506 ob
1579 2455 1634 2506 id
1679 2472 1877 2523 nequa—

273 2547 430 2596 quam
470 2529 598 2580 satis
635 2530 788 2580 firmo
827 2528 948 2579 nisu
958 2568 973 2595 ,
1011 2530 1072 2578 ut
1108 2526 1278 2577 solitis
1317 2525 1518 2576 viribus
1557 2529 1793 2593 agerent.

385 2700 410 2739 5
451 2698 715 2739 conferrent
757 2698 835 2739 ΕΒ
903 2695 1153 2738 confierent
1195 2702 1296 2736 vett.
1346 2697 1465 2739 editt.
1597 2696 1652 2736 23
1690 2707 1875 2735 enume-

272 2767 433 2795 rauere
462 2755 503 2793 P
621 2757 675 2795 25
713 2754 940 2796 industria
986 2753 1222 2793 enixurum
1260 2752 1302 2791 P
1365 2752 1621 2791 enissurum
1663 2751 1700 2791 V
1821 2751 1875 2791 26

270 2823 359 2863 ope
388 2810 504 2861 BVy
565 2813 722 2851 conari
753 2825 830 2852 om.
865 2811 899 2850 G
929 2809 1054 2850 habet
1081 2808 1148 2860 By
1257 2809 1308 2847 31
1341 2806 1529 2848 duorum
1563 2812 1661 2847 ante
1688 2806 1875 2846 >dierum

271 2879 295 2906 e
326 2868 570 2906 coniectura
599 2868 761 2910 addidi,
