1956 3178
8 0 173 84 &fix-:1²
200 0 227 13 f
263 4 266 6 ·

59 25 69 46 p:
168 23 179 34 v·

24 84 38 97 ν
69 68 89 89 '³

584 139 771 184 BELLI
801 138 1055 184 TROIANI
1085 140 1200 184 LIB.
1230 141 1267 184 1.
1715 139 1748 192 9

136 270 314 320 essent
347 270 610 336 repetens,
673 269 804 319 tunc
840 265 1086 319 Priamus
1123 266 1264 318 inter
1289 266 1504 336 regulos
1542 266 1748 320 medius

134 335 350 391 adstans
398 337 542 391 facto
589 337 804 390 silentio
861 337 1137 405 optionem
1182 335 1446 406 Helenae,
1495 355 1631 406 quae
1679 338 1748 390 ob

133 407 189 460 id
225 408 284 460 in
333 425 462 462 cons
501 410 675 461 ectum
710 407 1053 476 popularium
1092 411 1339 477 venerat,
1389 407 1569 477 offert,
1617 408 1661 460 si
1700 408 1749 460 ei

134 477 405 532 videretur
493 496 674 532 omum
727 477 795 530 ad
858 495 982 530 suos
1036 477 1262 548 regredi.
1351 496 1511 547 quam
1566 478 1750 531 ferunt

136 548 327 602 dixisse
363 566 538 618 neque
576 566 631 601 se
668 548 894 601 invitam
931 548 1237 618 navigasse,
1276 566 1450 618 neque
1489 549 1591 602 sibi
1627 567 1748 602 cum
1770 564 1791 596 5

135 618 367 672 Menelai
402 619 747 672 matrimonio
787 619 1089 672 convenire.
1165 619 1242 672 ita
1278 620 1452 689 reguli
1489 619 1749 673 habentes

133 688 396 743 Helenam
421 707 533 742 non
559 690 674 742 sine
701 690 1056 743 exsultatione
1083 707 1146 742 ex
1173 690 1425 743 contione
1454 689 1748 743 discedunt.

275 759 369 813 XI.
431 759 532 813 His
570 761 700 813 actis
739 759 924 813 Ulixes
972 761 1309 814 contestandi
1355 761 1528 831 magis
1576 761 1751 831 gratia

134 849 294 900 quam
330 830 534 900 aliquid
571 849 634 884 ex
673 832 916 884 oratione
960 830 1296 899 profecturus
1341 834 1556 900 cuncta,
1614 849 1749 901 quae

133 901 199 954 ab
253 900 559 954 Alexandro
615 905 803 955 contra
858 901 1137 955 Graeciam
1191 902 1413 972 indigne
1468 903 1751 955 commissa
1773 915 1814 947 10

135 975 325 1040 essent,
362 973 618 1026 retexuit:
658 973 727 1025 ob
766 990 901 1041 quae
927 973 1187 1025 ultionem
1214 974 1362 1025 brevi
1399 975 1627 1026 testatus
1655 976 1749 1028 est.

135 1042 259 1095 dein
295 1041 574 1096 Menelaus
611 1044 690 1095 ira
725 1044 960 1112 percitus
998 1043 1166 1096 atroci
1204 1043 1357 1096 vultu
1396 1044 1618 1096 exitium
1654 1045 1751 1095 mi-

133 1116 293 1166 natus
340 1114 627 1167 concilium
684 1113 920 1166 dimittit.
1005 1131 1142 1182 quae
1190 1114 1283 1166 ubi
1340 1113 1408 1166 ad
1453 1113 1751 1167 Priamidas

132 1183 340 1252 perlata
376 1187 526 1253 sunt,
576 1184 898 1237 confirmant
944 1185 1086 1237 inter
1122 1202 1177 1236 se
1216 1184 1370 1254 clam,
1409 1185 1488 1237 uti
1527 1203 1624 1254 per
1661 1184 1750 1237 do-

134 1253 247 1306 lum
283 1253 489 1324 legatos
527 1254 966 1308 circumveniant.
1040 1254 1326 1307 credebant
1364 1255 1579 1324 quippe,
1607 1255 1750 1324 quod
1774 1268 1815 1301 15

132 1341 246 1377 non
281 1323 482 1378 frustra
518 1342 609 1379 eos
646 1326 860 1394 habuit,
905 1325 950 1377 si
987 1325 1152 1395 legati
1189 1325 1488 1394 inperfecto
1527 1326 1750 1395 negotio

133 1395 499 1463 revertissent,
546 1395 662 1449 fore
702 1396 779 1448 uti
818 1395 1098 1448 adversum
1146 1413 1200 1448 se
1247 1395 1448 1466 grande
1486 1396 1752 1465 proelium

134 1465 504 1518 concitaretur.
597 1466 764 1536 igitur
812 1467 1087 1534 Antenor,
1143 1467 1292 1519 cuius
1348 1467 1411 1519 de
1469 1467 1751 1520 sanctitate

133 1552 344 1588 morum
382 1554 544 1605 supra
570 1538 999 1605 memoravimuS,
1026 1536 1300 1589 Priamum
1338 1539 1592 1590 convenit
1629 1555 1752 1590 con-

135 1605 562 1675 iurationemque
587 1606 786 1660 factam
811 1607 1182 1676 conqueritur:
1221 1607 1362 1660 filios
1402 1608 1600 1676 quippe
1639 1609 1752 1661 eius
1774 1622 1816 1654 20

136 1693 250 1728 non
273 1676 481 1746 legatiS,
509 1676 601 1729 sed
626 1677 877 1730 adversus
916 1695 970 1730 se
996 1676 1217 1730 insidias
1243 1695 1458 1746 parare:
1493 1696 1668 1748 neque
1697 1678 1753 1731 id

135 1763 190 1799 se
214 1764 511 1815 passurum.
561 1747 684 1800 dein
709 1766 823 1801 non
848 1748 1019 1801 multo
1045 1752 1170 1816 post
1204 1748 1396 1818 legatis
1422 1767 1536 1801 rem
1561 1749 1750 1818 aperit.

135 1817 213 1869 ita
250 1817 539 1886 exploratis
590 1819 838 1872 omnibus
886 1818 1128 1871 adhibito
1165 1819 1449 1888 praesidio,
1489 1837 1610 1872 cum
1646 1820 1753 1888 pri-

134 1905 282 1940 mum
320 1891 684 1957 opportunum
720 1890 895 1942 visum
934 1892 1027 1956 est,
1066 1889 1356 1943 inviolatos
1395 1908 1485 1943 eos
1512 1890 1751 1943 dimittit.

276 1957 398 2011 XII.
462 1958 604 2012 Dum
631 1961 762 2012 haec
801 1960 942 2028 apud
971 1959 1187 2012 Troiam
1225 1979 1256 2012 a
1295 1963 1475 2027 untur,
1515 1959 1752 2013 dissemi-
1774 1974 1817 2007 25

135 2031 264 2081 nata
299 2028 407 2082 iam
443 2047 539 2099 per
574 2030 879 2083 universam
918 2029 1198 2082 Graeciam
1269 2048 1390 2083 ama
1433 2048 1618 2083 omnes
1655 2031 1754 2084 Pe-

134 2097 347 2167 lopidae
383 2100 442 2152 in
478 2115 646 2152 unum
683 2100 1014 2153 conveniunt
1059 2104 1220 2169 atque
1266 2101 1585 2170 interposita
1621 2102 1753 2154 iuris

138 2167 350 2221 iurandi
387 2170 676 2239 religione,
723 2171 782 2222 ni
826 2169 1036 2223 Helena
1082 2188 1203 2223 cum
1240 2171 1475 2240 abreptis
1513 2172 1753 2225 reddere-

137 2241 251 2307 tur,
289 2239 490 2292 bellum
536 2257 591 2293 se
629 2239 843 2294 Priamo
889 2241 1151 2295 inlaturos
1189 2242 1523 2295 confirmant.
1588 2243 1753 2312 legati

254 2355 306 2394 19
338 2355 495 2396 Tzetz.
526 2355 764 2397 Antehom.
799 2357 875 2397 161

252 2466 278 2506 5
308 2478 456 2519 neque
490 2479 540 2508 se
571 2467 765 2508 inuitam
795 2469 1043 2522 nauigasse
1075 2482 1153 2511 om.
1191 2469 1238 2511 G.
1297 2482 1379 2520 pro
1420 2469 1484 2509 his
1522 2481 1671 2522 neque
1703 2481 1752 2510 se

139 2522 339 2575 patriam
377 2523 559 2577 regredi
596 2523 719 2564 uelle
758 2524 821 2577 B,
861 2532 1078 2579 utrumque
1116 2525 1241 2566 habet
1275 2525 1314 2564 P
1440 2528 1465 2568 6
1497 2538 1751 2567 conuenere

142 2576 195 2621 G¹
226 2591 341 2623 corr.
374 2580 416 2622 2.
444 2592 495 2620 m.
610 2581 637 2622 8
663 2583 809 2633 ‚qratia
847 2595 923 2623 om.
959 2581 1007 2623 G.
1046 2595 1139 2634 sup.
1178 2594 1263 2622 scr.
1303 2582 1344 2622 2.
1376 2595 1427 2624 m.
1487 2582 1636 2623 abesse
1666 2585 1756 2623 uult

139 2634 473 2679 Hildebrandua
638 2637 663 2677 9
702 2637 967 2690 profuturus
1016 2637 1115 2689 GB,
1167 2637 1374 2679 Heinsius
1419 2644 1461 2679 et
1506 2639 1756 2680 Perizonius

140 2690 410 2732 coniecerunt
453 2691 746 2745 profecturus
848 2697 1020 2735 cuncta
1065 2706 1183 2746 quae
1239 2694 1297 2735 ab
1356 2693 1603 2736 alexandro
1651 2707 1755 2736 con·

139 2750 214 2787 tra
243 2749 447 2800 greciam
483 2747 675 2802 indigne
714 2761 828 2791 com.
871 2750 920 2792 G.
960 2752 1004 2791 in
1041 2763 1172 2803 marg.
1302 2752 1351 2791 11
1390 2751 1618 2793 ultionem
1654 2751 1755 2804 regi

142 2802 192 2851 (i.
225 2815 263 2845 e.
299 2815 449 2844 coram
485 2807 615 2859 rege)
646 2809 850 2847 testatus
880 2811 952 2848 est
981 2808 1125 2847 maluit
1162 2806 1450 2860 W‘opkensius
1569 2809 1619 2848 12
1652 2811 1755 2847 atro

145 2855 198 2899 θ’
230 2859 272 2900 ci
303 2861 345 2904 2.
367 2873 420 2900 m.
451 2872 545 2913 sup.
575 2874 661 2906 scr.
777 2864 831 2903 20
863 2863 1146 2915 conquiritur
1179 2862 1291 2904 6213
1395 2865 1450 2906 24
1482 2868 1756 2917 oportunum

146 2913 224 2956 GB
254 2921 295 2956 et
323 2918 385 2957 ita
414 2919 601 2969 saepius.
