1956 3178
177 98 281 136 vm
787 79 1207 125 PRAEFATIO.

175 204 238 253 ut
275 201 497 254 iniurias
539 219 724 254 eorum
763 201 854 270 qui
893 201 960 252 ad
997 201 1193 253 troiam
1231 204 1496 254 uenerunt
1532 219 1655 255 cum
1678 219 1828 256 exer-
1927 194 1932 196 ’

177 275 286 327 citu
323 275 718 327 laumedontem
756 276 964 342 patrem
1003 293 1158 327 suum
1190 275 1510 328 occidenmt.
1546 275 1826 331 hesionem

179 366 415 401 sororem
463 348 800 400 abduxerunt
846 348 909 400 de
957 348 1032 401 eis
1082 366 1138 401 se
1183 349 1527 402 ulcisceretur
1565 352 1619 402 et
1655 350 1719 403 de
1758 368 1826 403 ea

176 440 232 474 re
283 423 362 474 uti
410 421 742 475 satisfaceret
787 424 841 474 et
891 422 994 475 sibi
1030 422 1308 476 hesionem
1344 423 1636 476 remittant.
1710 422 1822 477 An-

175 499 418 549 tenorem
455 497 697 566 legatum
735 496 917 548 mittit.

327 568 609 622 Consentit
647 588 768 622 cum
805 570 943 622 libro
985 569 1036 622 G
1060 570 1221 622 etiam
1255 570 1312 634 V,
1353 570 1445 622 sed
1482 570 1569 622 hic
1608 589 1818 641 quoque

86 685 92 688 .
177 643 267 712 qui
305 644 466 713 longe
504 644 816 696 recentioris
857 647 938 696 est
974 644 1231 712 temporis
1271 644 1369 712 ita,
1408 647 1481 697 ut
1508 661 1666 712 saepe
1703 663 1820 697 mu-

174 717 326 769 tandi
367 717 634 786 quoddam
675 718 1077 787 corrigendique
1118 717 1354 770 studium
1379 717 1822 786 deprehendatur.

173 789 393 843 Praeter
429 791 572 844 hunc
611 794 720 844 tres
759 795 821 843 ut
867 810 1028 860 supra
1075 791 1183 843 dixi
1228 792 1286 843 in
1323 791 1648 844 bibliotheca
1685 789 1823 844 Vin-

176 864 472 918 dobonensi
491 868 833 918 asservantur
845 865 1052 918 codices
1069 863 1283 917 Daretis
1306 883 1440 918 saec.
1457 864 1573 933 XV,
1594 883 1824 934 quorum

174 956 313 991 unus
359 958 411 991 n.
460 940 602 991 3221
651 958 817 1007 prope
865 939 932 991 ad
977 942 1221 991 nostrum
1268 939 1490 1008 accedit,
1540 939 1730 1008 reliqui
1766 957 1822 992 11.

174 1012 319 1064 3400
360 1015 412 1064 et
449 1031 501 1065 n.
542 1012 685 1065 3517
728 1013 795 1064 ad
832 1013 1122 1082 vulgatam.

321 1085 514 1138 Eidem
559 1086 794 1138 familiae
843 1086 1180 1138 adscribendi
1227 1088 1353 1138 sunt
1402 1086 1564 1138 etiam
1608 1085 1822 1150 RAD,

172 1159 230 1210 in
284 1160 477 1228 quibus
524 1161 695 1212 multa
743 1162 868 1212 sunt
914 1162 1142 1228 mutata,
1198 1160 1367 1212 eidem
1412 1157 1486 1210 P2
1534 1162 1586 1211 et
1625 1159 1716 1228 qui
1754 1177 1819 1212 ex

171 1233 274 1285 hoc
335 1233 543 1285 videtur
603 1233 820 1286 fluxisse
885 1233 948 1298 0,
1017 1234 1157 1286 unde
1225 1234 1334 1285 fere
1403 1235 1580 1286 textus
1646 1234 1820 1302 qualis

174 1307 480 1360 etiamnunc
503 1308 814 1377 plerumque
838 1308 1207 1360 circumfertur
1233 1310 1381 1359 ortus
1407 1309 1500 1359 est.
1554 1305 1696 1359 Nam
1711 1306 1819 1358 edi-

171 1380 347 1432 tiones
390 1381 679 1433 admodum
702 1382 843 1433 inter
868 1400 923 1434 se
949 1381 1306 1449 consentiunt,
1347 1383 1567 1449 excepta
1591 1398 1652 1432 ea
1681 1397 1819 1449 quae

170 1452 413 1506 Venetiis
462 1474 505 1506 a.
562 1455 702 1507 1499
749 1455 971 1524 prodiit,
1026 1458 1079 1507 et
1126 1473 1246 1507 cum
1299 1455 1608 1523 plerumque
1647 1452 1820 1506 Dares

171 1526 352 1595 Dictyi
407 1529 839 1598 subiungeretur‚
900 1547 1092 1598 parum
1147 1546 1338 1597 operae
1394 1527 1519 1579 huic
1570 1527 1821 1595 scriptori

171 1601 433 1653 tributum
486 1605 579 1654 est.
633 1621 772 1654 unus
826 1602 997 1655 Iosias
1044 1602 1332 1655 Mercerius
1389 1601 1589 1669 optime
1640 1600 1704 1652 de
1754 1618 1820 1653 eo

170 1675 501 1727 restituendo
540 1676 761 1728 meritus
802 1679 899 1745 est,
940 1694 1097 1746 quem
1137 1676 1344 1729 duobus
1376 1693 1505 1727 usus
1530 1674 1818 1743 codicibuS,

170 1750 230 1800 ut
269 1748 345 1800 ait
383 1749 441 1800 in
486 1749 838 1818 praefatione,
894 1768 921 1802 e
968 1750 1295 1802 bibliotheca
1342 1747 1392 1801 S.
1431 1747 1666 1800 Victoris
1712 1746 1813 1800 Pa-

170 1822 414 1875 risiensis
453 1823 680 1892 triginta
720 1825 875 1876 annis
917 1826 1041 1875 ante
1080 1826 1132 1875 et
1157 1823 1385 1891 amplius
1426 1822 1632 1874 collatis
1671 1820 1818 1873 Pari-

173 1895 265 1948 siis
307 1915 339 1948 a
382 1897 521 1949 1618
562 1898 620 1948 in
657 1898 830 1949 lucem
877 1897 1131 1966 prodidit:
1189 1897 1282 1949 sed
1333 1914 1454 1948 cum
1501 1895 1819 1962 scriptorem

170 1969 349 2038 ipsum
395 1988 506 2022 non
551 1971 691 2022 tanti
738 1989 853 2023 esse
901 1974 1162 2038 censeret,
1215 1973 1276 2022 ut
1327 1969 1694 2021 mutationum
1747 1967 1819 2020 ab

169 2042 288 2110 ipso
351 2043 614 2096 factarum
678 2046 942 2098 rationem
997 2044 1265 2097 reddenda
1386 2060 1500 2095 esse
1565 2043 1820 2109 censeret,

169 2134 312 2168 nunc
373 2135 485 2169 non
547 2136 755 2186 semper
807 2119 962 2171 facile
1017 2121 1098 2172 est
1153 2118 1219 2170 ad
1266 2063 1709 2183 Ἐ800111011ᾶ11111,
1760 2113 1816 2166 id

171 2190 313 2258 quod
353 2190 596 2260 equidem
637 2195 860 2244 conatus
901 2211 1040 2259 sum,
1093 2194 1274 2244 utrum
1314 2190 1439 2260 quid
1479 2207 1507 2242 e
1546 2187 1815 2242 codicibus

171 2281 242 2315 an
280 2282 307 2315 e
333 2264 639 2317 coniectura
663 2266 947 2334 scripserit.
1007 2265 1190 2335 Digna
1214 2282 1348 2335 quae
1372 2263 1819 2317 commemoretur

170 2339 252 2388 est
291 2338 452 2390 editio
492 2338 747 2391 Ludovici
795 2338 1012 2392 Smidsii
1049 2337 1470 2391 Amstelaedami
1519 2336 1660 2388 1702
1698 2334 1805 2386 Α11-

171 2409 325 2463 dreae
356 2410 639 2465 Dederichi
670 2411 893 2465 Bonnae
935 2413 1092 2481 1835,
1133 2413 1281 2465 cuius
1304 2411 1513 2463 Indices
1552 2409 1611 2460 in
1632 2425 1815 2460 meum

169 2501 327 2535 usum
367 2489 676 2538 convertere
714 2504 826 2539 non
865 2487 1118 2538 dubitavi.

318 2557 383 2610 In
412 2559 595 2612 multis
622 2559 890 2612 codicibus
916 2562 969 2612 et
991 2561 1049 2612 in
1073 2557 1460 2628 antiquissimis
1486 2554 1810 2608 editionibus

170 2630 352 2683 addita
402 2635 483 2684 est
527 2633 713 2686 tabula
755 2636 1141 2703 pugnatorum,
1188 2650 1323 2701 quae
1361 2631 1419 2682 in
1457 2628 1500 2680 L
1537 2629 1670 2680 haec
1707 2631 1815 2680 est:

319 2704 448 2766 Quis
494 2707 829 2759 troianorum
876 2724 1033 2776 quem
1081 2708 1135 2775 et
1176 2722 1454 2776 grecorum
1493 2701 1816 2774 occiderunt.

167 2775 387 2830 haector
399 2797 456 2831 00
471 2781 820 2848 protesilaum
834 2781 1135 2848 patroclum
1147 2779 1438 2832 merionem
1456 2775 1817 2842 arcesa¹laum.

170 2847 547 2919 Cleopelenam
587 2853 796 2906 dorium
816 2854 1157 2922 pollexenam
1180 2853 1496 2922 philyppum
1520 2851 1815 2916 antyppum

1934 277 1956 347 ’1

1940 356 1956 416 1
