1956 3178
57 60 62 69 .

754 160 1181 208 PRAEFATIO.
1607 178 1788 217 xxm

136 283 277 336 filiae
316 302 496 353 meae,
534 284 701 337 nolite
740 284 886 353 fiere,
925 283 1116 352 habeo,
1157 283 1249 353 qui
1287 284 1502 335 nostras
1541 282 1790 335 lacrimas

138 357 485 427 supprimat.“

282 430 410 484 Non
432 450 604 500 pauca
619 434 680 483 ut
702 431 1045 483 doctissimus
1070 430 1272 483 amicus
1297 448 1446 482 meus
1471 428 1533 482 R.
1557 429 1791 482 Koehler

135 522 343 558 mecum
412 505 826 558 communicavit
847 547 860 572 ,
923 508 1110 557 auctor
1171 522 1234 556 ex
1294 504 1466 573 poetis
1528 503 1790 557 Romanis

136 579 380 648 sumpsit,
419 582 480 632 ut
518 597 582 631 ex
621 578 796 631 Ovidii
834 578 1049 631 Metam.
1090 577 1195 630 XII
1236 579 1343 631 615

402 655 454 704 et
494 652 557 704 de
595 655 709 705 tam
748 671 947 723 magno
987 656 1157 705 restat
1194 652 1403 705 Achille

206 724 402 779 Nescio
421 726 560 796 quid,
589 745 811 795 parvam
831 727 972 796 quod
995 745 1106 779 non
1130 727 1267 778 bene
1293 726 1559 794 compleat
1583 744 1789 780 urnam.

132 799 264 853 haec
303 799 416 868 (ΙΧ
444 798 560 869 83):
601 819 632 853 0
671 801 836 853 robur
875 803 928 852 et
967 801 1140 870 gloria
1178 801 1372 868 Aciles,
1413 818 1597 853 omnes
1629 800 1789 852 urbes

132 875 187 925 et
225 874 405 926 omnia
427 873 587 927 litora
609 877 662 927 te
702 893 889 943 capere
920 893 1030 927 non
1061 877 1327 942 poterant,
1368 877 1420 926 et
1458 893 1602 927 nunc
1625 892 1791 926 unam

134 967 326 1002 urnam
366 967 582 1002 auream
620 967 732 1002 non
770 949 977 1018 imples

280 1042 344 1076 ex
381 1023 595 1076 Metam.
635 1023 766 1075 XIII
810 1024 912 1076 168

205 1096 351 1150 Nata
391 1098 503 1167 dea,
543 1098 667 1166 dixi,
705 1098 804 1150 tibi
846 1115 902 1150 se
941 1097 1177 1166 peritura
1216 1099 1492 1149 reservant

205 1170 484 1242 Pergama.
548 1171 686 1234 Quid
726 1172 940 1224 dubitas
964 1171 1242 1242 ingentem
1266 1173 1501 1223 evertere
1527 1169 1782 1223 Troiam?

132 1244 266 1298 haec
306 1245 436 1314 (VII
475 1246 592 1314 32):
659 1265 688 1299 0
730 1247 911 1298 divina
956 1246 1131 1316 virgo,
1186 1263 1253 1297 110
1293 1245 1587 1313 perterrere
1627 1243 1794 1295 Troia

131 1320 278 1388 urbe,
317 1323 563 1388 expectat
599 1323 652 1372 te
692 1320 855 1373 Troia
895 1339 926 1372 a
965 1323 1018 1371 te
1059 1319 1297 1371 delenda.

280 1412 342 1446 ex
382 1393 599 1446 Metam.
640 1393 771 1446 XIII
811 1394 916 1446 291

398 1486 570 1538 neque
610 1469 753 1520 enim
795 1468 949 1537 clipei
990 1467 1286 1520 caelamina
1325 1467 1472 1518 norit

186 1540 460 1594 Oceanum
500 1546 553 1594 et
590 1545 777 1611 terras,
817 1560 1041 1612 cumque
1083 1542 1191 1594 alto
1233 1541 1407 1593 sidera
1447 1539 1608 1607 caeIO,

183 1613 546 1686 Pleiadasque,
556 1616 894 1686 Hyadasque,
903 1617 1300 1685 immunemque
1313 1614 1560 1684 aequoris
1569 1614 1791 1683 Arcton,

183 1687 540 1760 Diversaeque
579 1691 754 1760 urbes,
792 1691 1127 1759 nitidumque
1168 1688 1381 1742 Orionis
1423 1705 1618 1741 01180111.

129 1761 262 1815 haec
302 1761 453 1834 (VII,
497 1763 610 1833 17):
653 1783 802 1817 arma
849 1783 969 1817 cum
1018 1767 1191 1832 scut0,
1244 1764 1300 1815 in
1348 1782 1453 1832 quo
1492 1763 1638 1831 picta
1677 1763 1793 1813 erat

130 1835 311 1906 imago
350 1838 516 1890 totius
557 1839 757 1907 mundi,
798 1839 877 1892 sol
903 1842 956 1890 et
978 1839 1107 1890 luna
1131 1841 1184 1890 et
1209 1838 1394 1890 stellae
1419 1839 1474 1889 et
1495 1839 1790 1905 tempestas

132 1912 185 1962 et
224 1910 409 1963 avidus
451 1912 661 1982 gladius
703 1912 833 1965 Ores
873 1913 1030 1982 regis,

280 2002 343 2036 ex
381 1982 598 2038 Heroid.
636 1986 689 2039 V
729 1987 798 2039 29

204 2055 339 2110 Cum
378 2057 531 2111 Paris
572 2058 790 2112 Oenone
829 2060 1029 2129 poterit
1069 2060 1270 2128 spirare
1309 2058 1496 2110 relicta

242 2130 327 2183 Ad
366 2131 573 2184 fontem
612 2132 817 2186 Xanthi
855 2152 1009 2188 versa
1046 2135 1283 2186 recurret
1323 2151 1472 2201 aqua.

130 2203 263 2256 haec
302 2204 379 2273 (II
419 2206 535 2275 83):
577 2225 608 2259 0
648 2207 864 2260 domina
906 2207 1152 2275 Oineusa,
1190 2225 1303 2259 non
1342 2206 1583 2258 deseram
1622 2207 1698 2274 te3
1742 2205 1788 2257 si

129 2294 258 2402 Hero
305 2281 358 2330 te
407 2278 687 2333 deseruero
697 2324 711 2350 ,
758 2282 954 2334 'fluvius
1000 2282 1086 2334 hic
1133 2281 1442 2333 Kasantusa
1492 2282 1786 2332 retrorsum

169 2354 273 2404 uet.

281 2442 344 2477 ex
382 2425 601 2480 Heroid.
639 2427 690 2479 V
730 2429 798 2481 57

206 2496 384 2567 thue
424 2501 563 2553 celer
601 2503 799 2571 venias,
838 2504 1032 2555 virides
1071 2501 1330 2555 Nere'idas
1372 2520 1480 2554 oro.

132 2569 264 2623 haec
304 2572 406 2641 (VI
444 2575 562 2642 26):
602 2593 722 2628 cum
761 2579 821 2628 tu
860 2577 963 2629 ires
1003 2578 1060 2629 in
1101 2576 1381 2629 Graeciam
1539 2578 1656 2627 tum
1691 2591 1790 2644 ego

128 2645 386 2712 precabar
409 2647 573 2700 vilam
612 2651 791 2718 maris,
830 2653 891 2702 ut
938 2651 1151 2703 sisteret
1194 2650 1358 2702 maris
1399 2649 1609 2717 fluctus,
1648 2651 1710 2700 ut
1731 2652 1794 2700 tu

129 2717 234 2769 ires
273 2718 416 2772 laeto
460 2722 630 2774 corde.

279 2808 343 2843 ex
380 2791 596 2847 Heroid.
634 2794 765 2848 XVI
808 2798 913 2850 185

204 2863 248 2916 O
289 2867 536 2934 quotiens
561 2868 703 2921 dices
742 2889 936 2939 „quam
974 2889 1179 2940 pauper
1203 2870 1411 2924 Acha'ia
1435 2874 1624 2924 nostra
1648 2869 1789 2923 est!“

277 2937 407 3022 Una
439 2940 628 2994 domus
668 2945 885 3012 quaevis
925 2945 1072 2998 urbis
1111 2945 1336 2998 habebit
1367 2963 1508 3014 opes,
