1956 3178
29 82 60 126 ,ἐν

552 130 740 172 BELLI
766 128 1019 172 TROIANI
1042 129 1166 172 LIB.
1198 129 1279 172 IV.
1659 128 1726 181 73

115 254 239 308 telis
275 254 395 307 aliis
431 254 489 306 in
526 254 689 306 alium
715 254 933 307 modum
969 253 1215 306 formatis
1253 257 1526 306 scutorum
1564 254 1726 307 etiam

0 370 1 377 ,
115 328 170 377 et
205 325 479 395 galearum
525 324 845 378 multiformi
891 325 1066 393 specie
1112 324 1436 377 horrendam
1483 323 1613 376 belli
1649 324 1726 376 fa—

19 416 34 445 ;
116 396 252 448 ciem
287 396 665 464 praebuerunt.
727 398 784 447 at
820 394 912 447 ubi
948 395 1065 447 triti
1102 395 1309 463 aliquot
1345 394 1457 447 dies
1495 397 1548 447 et
1571 394 1725 447 miles

114 465 315 518 bellum
352 466 513 534 cupit,
553 465 712 518 simul
749 483 869 518 cum
907 464 1026 517 luce
1058 466 1319 518 exercitus
1357 465 1531 518 omnis
1569 465 1725 535 signo

32 600 33 604 Ἰ
114 534 238 588 dato
276 536 334 588 in
370 535 634 604 proelium
671 535 882 588 ducitur
919 553 1145 604 cumque
1183 536 1267 588 his
1293 536 1514 589 Troiani
1552 538 1605 588 et
1630 536 1723 604 qui
1746 550 1767 581 5

112 606 256 658 intra
301 606 516 658 moenia
571 605 702 658 socii
748 605 977 658 fuerant.
1063 610 1119 658 at
1174 609 1364 658 contra
1410 606 1601 659 Graeci
1647 607 1726 658 in-

111 676 299 728 structi
344 693 442 744 pro
488 679 730 744 tempore
788 677 1015 745 operiri,
1076 677 1341 729 debilitati
1389 677 1727 746 aliquantum

114 746 323 799 animos
359 750 505 799 metu
544 746 779 816 ingentis
817 750 978 815 atque
1015 747 1280 816 incogniti
1304 746 1494 800 hostis.
1558 748 1727 816 igitur

111 815 205 868 ubi
241 816 385 869 intra
419 817 515 869 teli
553 817 752 869 iactum
790 822 1012 870 ventum
1050 820 1155 886 est,
1193 820 1309 870 tum
1347 835 1474 870 vero
1512 818 1725 870 barbari

113 885 342 940 clamore
380 887 588 957 ingenti
619 904 681 939 ac
707 886 922 940 dissono
960 888 1147 940 ruinae
1185 888 1243 940 in
1268 887 1487 941 modum
1524 888 1725 940 inrum-
1748 903 1790 933 10

110 960 272 1078 punt,
321 959 492 1010 nostri
531 958 832 1010 confirmati
878 958 1021 1010 inter
1069 976 1124 1010 se
1171 959 1301 1011 satis
1348 959 1577 1028 impigre
1614 959 1725 1011 vim

154 1027 352 1080 ostium
398 1031 775 1080 sustentavere.
863 1029 955 1081 sed
999 1032 1284 1097 postquam
1329 1030 1468 1082 acies
1504 1047 1726 1082 renova-

113 1100 200 1150 tae
239 1100 399 1165 atque
436 1099 495 1150 in
533 1098 775 1151 ordinem
820 1098 1140 1151 reformatae
1187 1103 1315 1152 sunt
1359 1103 1413 1152 et
1457 1100 1560 1152 iaci
1597 1099 1726 1152 hinc

116 1174 277 1236 atque
312 1168 437 1220 inde
474 1169 582 1221 tela
618 1186 863 1238 coepere,
913 1169 1112 1222 cadunt
1147 1170 1423 1238 utriusque
1462 1171 1724 1222 exercitus

111 1237 347 1307 plurimi,
385 1256 560 1308 neque
585 1239 708 1291 finis
744 1240 820 1307 fit,
860 1239 1038 1308 quoad
1062 1239 1321 1293 Memnon
1348 1258 1506 1293 curru
1540 1244 1723 1293 vectus
1747 1253 1788 1286 15

110 1307 351 1362 adhibito
399 1326 579 1362 secum
623 1309 918 1362 fortissimo
976 1328 1188 1379 quoque
1235 1310 1439 1364 medios
1498 1311 1725 1364 Graeco-

108 1395 228 1430 rum
265 1379 495 1449 invadit,
533 1380 767 1448 primum
805 1397 1070 1449 quemque
1106 1381 1325 1433 obvium
1363 1381 1595 1434 fundens
1634 1385 1726 1434 aut

109 1447 409 1502 debilitans.
501 1450 578 1502 ita
632 1451 738 1503 iam
781 1451 1027 1519 plurimis
1073 1454 1383 1504 nostrorum
1427 1452 1725 1505 interfectis

109 1517 268 1571 duces
279 1560 292 1587 ,
339 1520 433 1572 ubi
478 1519 698 1574 fortuna
744 1521 872 1573 belli
919 1539 1102 1574 eversa
1145 1539 1319 1590 neque
1358 1540 1477 1590 spes
1515 1523 1724 1591 reliqua

107 1588 214 1640 nisi
263 1590 321 1641 in
366 1590 498 1660 fuga
542 1594 647 1659 est,
697 1591 976 1643 victoriam
1021 1609 1343 1645 concessere.
1419 1611 1482 1645 eo
1522 1593 1607 1645 die
1643 1593 1723 1645 in·
1745 1606 1788 1638 20

112 1675 303 1713 censae
341 1659 649 1730 deletaeque
685 1679 850 1714 naves
889 1679 1073 1714 omnes
1109 1662 1318 1731 forent⁷
1366 1663 1425 1715 ni
1462 1681 1572 1716 nox
1606 1681 1724 1731 per-

107 1727 319 1799 fugium
374 1731 734 1784 laborantium
798 1732 1216 1802 ingruentesque
1275 1732 1458 1786 hostes
1513 1734 1580 1785 ab
1644 1734 1725 1785 in·

111 1802 266 1868 cepto
316 1801 667 1854 cohibuisset:
714 1805 868 1855 tanta
911 1803 966 1854 in
1017 1802 1307 1856 Memnone
1354 1803 1592 1857 bellandi
1641 1804 1723 1857 vis

109 1869 410 1940 peritiaque
448 1876 503 1924 et
537 1873 734 1925 nostris
773 1872 1027 1925 advorsae
1064 1891 1164 1926 res,

248 1939 343 1994 VI.
416 1941 591 2012 Igitur
629 1942 845 2010 Graeci,
886 1947 1174 2011 postquam
1211 1944 1421 2011 requies
1461 1947 1564 2012 est,
1602 1961 1720 2012 per·
1741 1957 1786 1990 2⁵

111 2009 244 2062 culsi
282 2011 425 2064 inter
460 2031 516 2064 se
554 2030 614 2066 ac
653 2031 891 2065 summae
928 2031 1107 2065 rerum
1133 2013 1435 2066 diffidentes
1471 2032 1570 2082 per
1607 2015 1723 2066 uni-

106 2097 315 2134 versam
361 2086 575 2135 noctem
623 2101 758 2151 quos
803 2084 862 2134 in
898 2083 1040 2136 bello
1077 2084 1367 2136 amiserant
1413 2101 1467 2136 se
1509 2084 1722 2137 elivere.

108 2149 232 2202 dein
270 2152 554 2205 consilium
603 2152 773 2205 futuri
811 2153 1117 2206 certaminis
1163 2154 1444 2206 adversum
1542 2172 1724 2207 emno-

105 2237 230 2272 nem
267 2220 482 2274 ineunt:
520 2240 582 2275 ac
617 2222 793 2291 placet
828 2226 971 2276 sorte
1010 2223 1137 2294 eligi
1171 2242 1371 2277 nomen
1409 2225 1557 2277 ducis
1599 2243 1720 2277 cum

23 2303 27 2306 ⁴
107 2307 171 2342 eo
219 2290 486 2344 bellaturi.
570 2296 700 2345 tunc
736 2294 1115 2363 Agamemnon
1152 2293 1457 2347 Menelaum
1503 2295 1716 2363 excipit,
1741 2309 1785 2340 ³0

107 2357 330 2428 Ulixen,
386 2361 758 2415 Idomeneum:
818 2364 1149 2432 reliquorum
1205 2383 1319 2418 sors
1386 2365 1475 2434 agi
1532 2369 1724 2434 coepta

104 2430 328 2483 Aiacem
366 2431 738 2486 Telamonium
785 2434 925 2486 votis
964 2436 1204 2487 omnium
1253 2435 1454 2504 deligit.
1531 2436 1608 2487 ita
1643 2453 1722 2488 re-

105 2499 260 2553 fectis
308 2502 426 2555 cibo
476 2504 789 2572 corporibus
836 2504 1106 2573 reliquum
1153 2506 1329 2558 noctis
1378 2523 1499 2557 cum
1542 2506 1720 2574 quiete

104 2571 426 2642 transigunt.
502 2577 558 2626 at
615 2574 749 2627 lucis
794 2575 1061 2644 principio
1120 2576 1311 2627 armati
1367 2576 1721 2645 instructique

218 2799 244 2838 3
283 2799 597 2851 praebuerunt
633 2815 709 2843 nos
754 2804 1022 2855 scripsimus,
1071 2802 1170 2842 libri
1213 2802 1367 2843 habent
1407 2802 1721 2855 praebuerant

104 2853 132 2893 8
161 2853 364 2906 uigentis
397 2857 432 2898 G
521 2858 573 2898 18
604 2858 763 2910 primis
788 2859 823 2899 G
911 2861 963 2900 19
993 2870 1129 2900 uersa
1167 2859 1214 2899 V
1293 2860 1347 2899 22
1377 2859 1648 2913 ingruentes
1678 2858 1722 2898 B

105 2909 158 2950 31
180 2908 452 2952 Idomeneus
485 2912 564 2953 ΘΒ
594 2926 709 2956 corr.
747 2914 790 2954 V
