1956 3178
0 0 362 85 ἱμεμτῆξςψ
399 14 403 18 .

0 55 56 129 1,

721 118 1145 166 PRAEFATIO.
1619 139 1756 177 xmx

0 297 1 315 χ
106 246 197 297 tur
232 244 399 297 fuisse
423 239 830 313 Huchowne1)
873 242 943 308 of
973 242 1067 295 the
1089 241 1259 295 Awle
1282 241 1528 310 Royale.
1606 241 1763 295 Prae-

0 317 4 374 Ϊ
106 320 254 371 terea
309 320 489 370 autem
541 316 599 368 in
653 315 838 369 eadem
882 319 1027 368 terra
1074 316 1243 369 altera
1281 316 1455 369 versio
1495 316 1640 368 facta
1678 321 1762 370 est

108 409 140 444 a
177 391 410 463 quodam
434 390 692 454 Barbour,
732 390 882 443 cuius
922 390 1227 460 fragmenta
1265 391 1323 443 in
1363 391 1570 443 duobus
1611 391 1763 444 libris

111 483 277 519 manu
317 465 530 534 scriptis
554 463 804 533 Lydgatii
843 464 1043 516 ibidem
1084 466 1370 518 reservatis
1410 465 1763 533 reperiuntur.

257 539 323 591 In
359 539 600 609 linguam
639 537 1117 609 Hispanicaffl)
1169 537 1432 592 Guidonis
1481 540 1764 592 historiam

106 613 268 666 vertit
306 612 680 665 celeberrimus
713 612 917 665 Pedra
951 613 1148 680 Lopez
1179 615 1248 666 cle
1278 614 1486 681 Ayala
1517 611 1763 682 (1332—

111 686 293 757 1407),
331 687 481 740 cuius
520 686 656 738 liber
695 705 822 740 msc.
854 687 911 739 in
950 687 1078 739 bibl.
1104 686 1288 740 Osuna
1311 687 1379 740 II.
1404 687 1475 739 M.
1502 688 1572 740 23
1598 706 1763 740 reser-

105 761 222 814 vari
261 761 475 829 dicitur,
522 761 708 828 paucis
749 760 1128 814 additamentis
1171 766 1357 814 auctus
1399 765 1481 814 est
1517 763 1654 815 liber
1692 761 1762 815 H.

107 834 178 887 M.
202 834 274 887 25
298 837 536 886 exeunte.
547 852 680 887 saec.
704 833 835 887 XIV
874 835 1118 903 scriptus.
1168 834 1479 888 Catalanica
1503 837 1763 905 interpre-

108 906 299 979 tatio3)
340 927 386 960 a.
415 908 553 960 1367
597 926 628 960 a
666 907 882 961 Iachme
909 907 1121 962 Conesa
1160 909 1304 963 facta
1343 910 1401 962 in
1425 911 1553 963 bibl.
1579 909 1763 963 Osuna

106 981 202 1035 IH.
226 981 297 1034 M.
323 983 357 1034 2
383 985 477 1034 est.
541 980 769 1035 Gronica
807 982 1062 1052 Troyana
1100 984 1242 1053 typis
1284 986 1551 1054 exscripta
1589 986 1764 1054 prima

106 1055 307 1125 prodiit
332 1055 530 1126 Burgis
575 1056 731 1125 1490,
771 1057 1005 1110 secunda
1043 1057 1401 1127 Pampelonae
1446 1060 1601 1126 1496,
1642 1078 1763 1112 cum

106 1130 208 1183 hac
245 1129 474 1183 fortasse
515 1130 681 1182 artius
722 1131 970 1183 cohaeret
1008 1150 1070 1185 ea
1110 1150 1271 1201 quam
1311 1134 1523 1201 paravit
1561 1133 1641 1186 Pe
1655 1135 1763 1188 dro

108 1203 322 1257 Nmzez
344 1203 619 1272 Delyaclo
646 1202 871 1257 Sevillae
901 1205 1056 1273 1502,
1102 1207 1242 1260 1509
1270 1206 1444 1260 Toleti
1474 1207 1632 1277 1512,
1672 1208 1764 1278 qui

106 1277 165 1330 in
179 1277 512 1347 praefatione
531 1278 781 1331 editionis
802 1298 930 1332 suae
948 1279 1076 1332 dicit
1101 1299 1156 1332 se
1174 1282 1477 1334 versionem
1494 1282 1561 1335 ab
1581 1285 1762 1335 extero

106 1351 324 1404 homine
363 1351 563 1404 factam
586 1354 962 1422 recognovisse
987 1358 1039 1406 et
1069 1356 1252 1407 multis
1277 1356 1408 1408 locis
1434 1356 1762 1409 emendasse.

106 1423 255 1478 Haec
271 1425 642 1494 interpretatio
656 1431 782 1495 post
794 1431 1022 1480 mortem
1035 1428 1092 1482 P.
1111 1428 1178 1482 N.
1191 1428 1421 1482 Delicati
1440 1428 1635 1500 (1535)
1651 1449 1763 1483 sae-

111 1499 231 1568 pius
269 1500 498 1568 repetita
522 1503 617 1552 est.
679 1500 744 1552 In
784 1519 847 1554 ea
871 1502 1102 1556 editione
1129 1522 1264 1573 quae
1288 1503 1536 1556 Medinae
1567 1505 1705 1558 1587
1718 1503 1762 1572 4)

106 1573 306 1642 prodiit
337 1574 507 1626 multa
545 1577 766 1642 mutata,
805 1576 976 1628 multa
999 1578 1281 1646 praecipue
1314 1578 1469 1630 initio
1495 1579 1671 1648 operis
1698 1597 1763 1632 ex

109 1647 312 1716 ignotis
336 1646 578 1700 fontibus
605 1648 785 1702 addita
811 1653 950 1718 sunt,
985 1652 1248 1704 nonnulla
1273 1671 1393 1704 cum
1422 1651 1670 1706 Conrado
1695 1653 1760 1706 (16

110 1719 443 1791 Virceburgo
469 1724 523 1774 et
538 1721 1072 1795 Troiumanna-Saga
1096 1727 1456 1795 consentiunt,
1479 1727 1556 1780 ita
1578 1730 1762 1780 tamen

105 1797 168 1846 ut
192 1794 279 1847 hic
320 1813 528 1864 quoque
569 1797 1018 1865 quemadmodum
1058 1818 1219 1868 supra
1255 1819 1305 1869 p.
1330 1800 1535 1855 XXXV
1576 1805 1629 1853 et
1665 1801 1761 1853 XL

111 1868 421 1921 circuitione
447 1870 680 1939 quadam
703 1873 883 1924 1166010
910 1891 1014 1942 qua
1039 1892 1102 1926 ea
1144 1878 1361 1943 sumpta
1400 1893 1517 1928 esse
1558 1879 1760 1928 statua-

106 1960 248 2012 mus,
312 1945 430 1995 tum
490 1962 615 1998 vero
676 1946 909 2014 plurima
968 1965 1032 1999 ex
1096 1947 1340 2001 Guidone
1405 1949 1472 2001 ad
1536 1950 1759 2002 verbum

105 2016 370 2069 translata
417 2021 556 2070 sunt.
638 2018 846 2072 Extant
899 2025 1110 2089 praeter
1164 2022 1263 2075 hos
1326 2024 1580 2091 permulti
1634 2024 1759 2077 libri

108 2087 444 2159 Guidonis⁵)‚
505 2092 563 2143 in
609 2093 788 2146 Indice
840 2095 899 2146 de
952 2112 1069 2148 mss.
1123 2097 1183 2149 de
1230 2098 1283 2150 Za
1329 2098 1444 2150 bibl.
1493 2098 1760 2152 Naec'omzl

107 2162 340 2232 quinque
381 2164 588 2218 codices
629 2165 715 2218 Gil
742 2165 1019 2237 Columna,
1059 2170 1113 2222 la
1151 2170 1379 2223 historia
1417 2174 1646 2240 troyana
1687 2190 1755 2225 en

107 2237 417 2306 castellan0‚
442 2238 581 2291 inter
604 2240 703 2293 hos
738 2241 842 2294 duo
881 2260 1013 2295 saec.
1044 2242 1179 2296 XIII
1220 2243 1295 2315 (‘?)
1336 2264 1757 2298 commemoran-

106 2312 217 2362 tur:
266 2329 401 2380 quae
451 2315 632 2365 tamen
677 2333 807 2367 num
853 2317 1129 2370 versiones
1170 2317 1431 2372 Guidonis
1479 2319 1757 2373 habendae

108 2383 218 2436 sint
255 2384 408 2436 valde
447 2385 571 2438 licet
609 2388 867 2442 dubitare.
937 2389 990 2442 N
994 2409 1064 2443 011
1106 2392 1171 2444 ad
1213 2391 1515 2446 Guidonem
1558 2394 1649 2446 sed
1690 2394 1757 2447 ad

106 2455 457 2511 Benedictum
494 2459 814 2515 Mauranum
826 2462 868 2533 6)
893 2464 1154 2518 referendi
1183 2469 1308 2519 sunt
1340 2467 1444 2519 duo
1469 2468 1592 2520 libri
1617 2468 1758 2521 inter

229 2617 263 2683 ‚¹)
295 2617 403 2675 Joly
427 2618 456 2662 l.
483 2619 513 2662 1.
538 2635 583 2677 p.
611 2616 712 2666 500⁴.
772 2622 804 2678 2)
822 2623 909 2668 Ad.
934 2625 1169 2682 Mussafia,
1196 2626 1350 2670 Ueber
1375 2627 1450 2671 die
1477 2628 1756 2684 spanisehen

106 2674 365 2720 Versionen
396 2677 478 2722 der
507 2679 718 2725 Historia
751 2682 967 2729 Troiana.
1027 2685 1149 2729 Acta
1189 2686 1457 2730 academiae
1490 2686 1757 2731 litterarum

105 2732 478 2801 vindobonensis
510 2738 671 2783 classis
703 2741 1000 2797 philos.-hist.
1065 2744 1267 2789 Vindob.
1304 2750 1415 2791 1871
1449 2747 1482 2789 t.
1515 2751 1569 2791 69
1602 2761 1648 2803 p.
1681 2751 1752 2792 49.

109 2791 143 2848 ⁸)
174 2793 349 2838 ibidem
381 2810 426 2851 p.
460 2799 529 2840 51.
624 2798 658 2849 4)
689 2799 910 2845 Mussafia
940 2802 1117 2846 ibidem
1157 2819 1202 2860 p.
1239 2809 1294 2848 53
1328 2819 1456 2861 seqq.
1520 2805 1627 2862 Joly
1660 2806 1689 2848 l.
1722 2806 1752 2851 1.

106 2866 152 2909 p.
187 2856 269 2896 501
314 2867 440 2910 seqq.
537 2856 571 2911 ⁵)
603 2856 823 2903 Mussafia
862 2861 892 2905 l.
925 2861 958 2918 I,
999 2877 1044 2917 p.
1079 2867 1133 2905 53
1168 2862 1327 2908 adnot.
1362 2870 1401 2909 6.
1468 2863 1501 2920 ⁶)
1534 2864 1755 2911 Mussafia

107 2908 281 2955 ibidem
314 2926 357 2968 p.
392 2917 448 2958 39
482 2927 608 2970 seqq.

195 2992 333 3026 DAnns
358 2995 576 3029 Pnnrows.
1305 3027 1329 3059 d
