1956 3178
0 0 1 3 '
19 0 343 76 wana
360 0 430 22 -.··

208 23 217 33 »δ
239 27 250 33 '⁴
287 21 291 25 ¹

29 76 38 86 Α
61 78 73 89 2·
87 65 102 82 ⁸.
143 64 146 65 γ

22 91 38 105 ⁸(

704 112 1128 159 PRAEFATIO.
1685 130 1747 168 1x

88 235 426 288 diomeneum
449 235 779 304 polibentem
802 234 1181 304 carpedontem
1204 231 1544 302 lepodemum
1566 231 1739 284 uifore

88 309 454 362 maimentum.
530 308 742 362 Aeneas
767 308 1165 377 amphimacum
1203 325 1437 360 nereum.
1513 306 1743 359 Alexan·
1806 315 1842 356 5

91 382 184 435 der
229 383 559 452 palameden.
635 383 947 435 Antilocum
1013 382 1218 435 aiacem
1267 380 1529 433 achillem.
1604 378 1744 432 Aiax

88 456 410 509 telamonius
429 460 483 509 et
492 456 796 509 Alexander
805 456 1005 508 mutuis
1026 474 1080 508 se
1094 455 1406 507 uulneribus
1421 453 1744 507 occiderunt.

89 529 396 583 Alexander
444 531 503 583 in
555 531 758 599 praelio
809 530 1049 582 moritur.
1125 529 1265 581 Aiax
1314 527 1637 581 telamonius
1687 528 1746 580 in

91 604 296 657 castris.
375 603 505 666 Quis
552 622 831 674 grecorum
887 622 1044 673 quem
1105 604 1441 655 troianorum
1493 601 1746 655 occiderit

90 677 155 730 de
216 677 438 731 ducibus
501 679 734 747 exceptis
796 677 1012 746 plebeis.
1126 677 1364 730 Achilles
1428 676 1743 728 eufremium
1778 685 1842 725 lo

92 750 429 821 hyppotuum
482 752 730 820 plebeum
786 751 1041 803 asterium
1102 750 1401 820 ligaonium
1464 749 1745 802 euforbum

89 823 394 878 haectorem
443 825 662 878 troilum
708 843 1066 878 memnonem.
1132 824 1505 893 neoptolemus
1560 826 1746 892 pente-

91 897 267 951 siliam
320 899 588 967 priamum
638 900 945 967 polixenam
996 898 1062 951 ad
1108 899 1376 950 tumulum
1423 897 1593 966 patris
1634 896 1746 949 dio-

89 971 267 1024 medes
313 974 646 1041 xantyppum
685 973 882 1025 misten
931 974 1272 1042 protenorem
1327 972 1746 1024 horcomeneum

88 1046 429 1114 palamonem
468 1047 859 1115 epistrophium
901 1046 1139 1114 scydium
1163 1048 1221 1098 in
1244 1064 1404 1113 mary.
1429 1044 1744 1097 Palamedes
1780 1060 1841 1100 15

92 1118 433 1188 deyphobum
474 1121 840 1189 sarpedonem.
894 1118 1246 1174 EXPLICIT.

211 1357 236 1396 2
270 1366 321 1397 cc
354 1366 436 1396 om.
462 1353 639 1397 MBH4
669 1354 968 1411 carpidonem
992 1353 1255 1410 patroclum
1286 1353 1506 1410 lepodino
1540 1353 1746 1397 euforem

90 1411 349 1456 mer-ionem
390 1412 642 1456 amientum
687 1413 988 1457 archisilaum
1028 1413 1324 1468 elopenorem
1355 1413 1422 1467 B,
1455 1413 1664 1456 similiter
1696 1412 1754 1455 H

84 1474 194 1527 post
235 1470 552 1515 diomeneum:
597 1472 905 1529 sarpedonem
945 1471 1164 1528 lepodino
1203 1471 1450 1515 uiformem
1490 1471 1747 1515 amientum

94 1529 393 1586 elopenorem
425 1531 730 1586 puluxenium
764 1531 1038 1587 antioppum
1070 1531 1399 1587 polipoetem3
1420 1529 1750 1588 Cleopelenam

91 1601 175 1631 om.
204 1589 267 1631 M
296 1593 323 1632 ὅ
355 1589 613 1634 aimentum
644 1590 692 1632 M
728 1596 748 1633 1
786 1589 1331 1634 Alexander—achillem
1362 1603 1446 1633 om.
1471 1589 1516 1633 B
1534 1595 1559 1634 6
1587 1589 1668 1645 qui
1701 1591 1751 1633 et

92 1646 222 1704 paris
256 1648 362 1692 add.
398 1649 470 1692 M.
495 1653 604 1704 post
635 1649 899 1693 Alexander
933 1654 986 1692 12
1020 1649 1172 1693 haect.
1212 1650 1269 1692 tr.
1309 1662 1478 1694 memn.
1519 1662 1602 1693 om.
1634 1647 1746 1692 BH.

241 1781 398 1836 Hanc
439 1784 683 1853 equidem
722 1784 799 1836 ita
836 1783 1225 1836 restituendam
1265 1802 1379 1836 esse
1420 1801 1634 1836 censeo:

242 1855 371 1918 Quis
411 1857 765 1910 Troianorum
806 1875 964 1927 quem
1003 1856 1328 1910 Graecorum
1368 1857 1633 1911 occiderit.

238 1928 440 1983 Hector
477 1930 833 1984 Protesilaum
871 1930 1179 1984 Patroclum
1203 1931 1500 1984 Merionem
1524 1930 1751 1983 Boetem

90 2001 426 2056 Arcesilaum
479 2004 901 2058 Prothoenorem
956 2004 1394 2074 (Orcomeneum)
1448 2004 1749 2057 Ialmenum

90 2074 480 2146 Epistrophum
506 2077 788 2131 Schedium
826 2078 1221 2147 Elephenorem
1259 2078 1480 2132 Diorem
1525 2079 1749 2147 Polyxe-

93 2166 228 2202 num
281 2150 591 2220 Philippum
645 2152 945 2220 Antiphum
999 2151 1346 2205 Idomeneum
1399 2152 1749 2222 Polypoetem

91 2221 378 2276 Leontium
421 2223 750 2278 Sthenelum.

240 2297 453 2351 Aeneas
492 2299 945 2368 Amphimachum
985 2299 1223 2352 Nireum.

239 2370 543 2425 Alexander
640 2373 980 2426 Palamedem
1079 2374 1431 2427 Antilochum
1525 2372 1749 2426 Aiacem

92 2441 374 2497 Achillem.

240 2517 381 2571 Aiax
428 2519 772 2574 Telamonius
821 2525 874 2574 et
912 2521 1218 2574 Alexander
1271 2521 1474 2573 mutuis
1531 2538 1587 2573 se
1633 2521 1746 2573 vul-

90 2591 309 2644 neribus
364 2594 686 2647 occiderunt.
777 2594 1083 2648 Alexander
1138 2596 1193 2647 in
1247 2595 1449 2663 proelio
1505 2595 1752 2663 moritur,

91 2661 232 2716 Aiax
271 2665 614 2721 Telamonius
653 2669 711 2721 in
751 2670 956 2722 castris.

243 2737 373 2800 Quis
413 2739 739 2794 Graecorum
788 2762 945 2813 quem
986 2742 1342 2795 Troianorum
1391 2742 1644 2795 occiderit
1682 2743 1749 2795 de

94 2809 318 2865 ducibus
359 2815 593 2882 exceptis
632 2816 851 2884 plebeis,

242 2885 479 2939 Achilles
497 2887 837 2957 Euphemum
853 2890 1228 2959 Hippothoum
1245 2889 1501 2957 Pylaeum
1525 2889 1746 2943 Astero-
