1956 3178
471 143 551 188 DE
585 143 830 190 EXCIDIO
864 142 1091 188 TROIAE
1129 141 1432 188 HISTORIA.
1706 140 1775 193 29

132 285 243 320 non
290 266 480 318 debere
528 265 586 316 in
632 281 871 334 pugnam
919 265 1225 334 procedere:
1274 267 1327 316 et
1374 281 1492 316 cum
1543 260 1611 315 ad
1657 279 1778 315 eum

130 341 305 393 visum
357 339 602 406 referret,
649 337 851 392 Hector
889 339 1171 391 muliebria
1208 338 1372 390 verba
1411 337 1589 390 abicit.
1667 336 1775 388 An-

130 413 420 467 dromacha
466 415 672 465 maesta
718 413 866 466 misit
912 412 979 465 ad
1025 412 1321 480 Priamum,
1373 414 1433 463 ut
1471 411 1560 464 ille
1600 410 1778 480 prohi-

132 487 305 555 beret,
359 505 426 540 ne
481 503 543 539 ea
597 486 680 538 die
735 490 1015 557 pugnaret.
1111 485 1357 539 Priamus
1413 484 1779 538 Alexandrum

130 560 398 614 Helenum
460 559 701 613 Troilum
771 564 824 613 et
886 560 1109 613 Aenean
1177 560 1235 612 in
1303 575 1542 629 pugnam
1616 559 1778 611 misit.
1803 572 1823 602 ἴ»

131 634 334 688 Hector
394 638 455 687 ut
522 634 653 686 ista·
690 634 914 702 audivit,
984 635 1155 686 multa
1222 633 1506 702 increpans
1569 631 1778 685 Andro-

132 709 382 762 macham
445 725 594 760 arma
655 711 716 760 ut
776 708 1041 777 proferret
1101 707 1348 777 poposcit
1401 724 1499 759 nec
1560 706 1781 758 retineri

131 783 242 836 ullo
293 781 452 835 modo
507 781 697 849 potuit.
785 785 993 834 maesta
1046 780 1426 834 Andromacha
1481 780 1780 832 summissis

129 856 339 925 capillis
395 854 780 924 Astyanactem
833 854 1003 907 filium
1058 854 1383 924 protendens
1437 857 1562 906 ante
1618 854 1778 922 pedes

130 928 380 983 Hectoris
435 946 556 981 eum
609 946 856 981 revocare
910 947 1021 982 non
1084 928 1275 997 potuit.
1366 931 1496 980 tunc
1559 927 1779 996 planctu
1808 942 1846 972 ω

130 1003 363 1057 femineo
411 1002 667 1071 oppidum
714 1003 973 1071 concitat,
1027 1003 1095 1055 ad
1141 1001 1418 1054 Priamum
1471 1001 1530 1053 in
1575 1002 1779 1071 regiam

129 1077 317 1145 currit,
364 1076 527 1129 refert
565 1094 701 1146 quae
740 1076 797 1128 in
837 1076 1041 1129 somnis
1087 1076 1280 1128 viderit
1317 1075 1452 1128 velle
1491 1073 1779 1127 Hectorem

130 1151 303 1204 ueloci
351 1150 491 1221 saltu
548 1149 604 1202 in
650 1166 889 1220 pugnam
942 1150 1040 1218 ire,
1094 1150 1437 1219 proiectoque
1484 1148 1551 1201 ad
1606 1165 1782 1218 genua

131 1224 462 1294 Astyanacte
501 1223 611 1276 filio
652 1242 748 1276 suo
789 1241 911 1276 eum
943 1241 1190 1277 revocare
1222 1223 1484 1276 mandat.'
1534 1221 1780 1274 Priamus

131 1314 321 1351 omnes
361 1298 418 1350 in
456 1314 696 1367 pugnam
735 1297 947 1367 prodire
986 1297 1164 1366 iussit,
1211 1296 1499 1350 Hectorem
1544 1296 1779 1348 retinuit.
1810 1308 1848 1340 ιε’»

132 1371 511 1442 Agamemnon
557 1370 795 1424 Achilles
842 1370 1129 1424 Diomedes
1176 1370 1317 1424 Aiax
1367 1369 1568 1423 Locrus
1609 1373 1668 1422 ut
1707 1370 1780 1422 vi-

125 1445 324 1499 derunt
361 1443 649 1498 Hectorem
687 1445 745 1497 in
782 1461 965 1515 pugna
1002 1463 1114 1498 non
1152 1462 1290 1513 esse,
1330 1445 1529 1497 acriter
1577 1460 1780 1514 pugna-

132 1522 326 1572 verunt
371 1519 674 1588 multosque
722 1519 881 1572 duces
929 1519 992 1571 de
1031 1518 1386 1572 Troianorum
1432 1535 1656 1571 numero
1698 1535 1782 1570 oc-

128 1592 390 1646 ciderunt.
475 1591 676 1646 Hector
721 1588 782 1645 ut
827 1592 1031 1645 audivit
1078 1593 1370 1645 tumultum
1415 1592 1782 1661 Troianosque

131 1666 191 1719 in
237 1666 378 1719 bello
433 1683 587 1719 saeve
636 1666 902 1734 laborare,
948 1666 1197 1735 prosiluit
1240 1667 1300 1719 in
1344 1683 1598 1737 pugnam.
1677 1669 1782 1718 sta·
1807 1677 1850 1708 20

130 1740 337 1810 timque
405 1739 752 1793 Idomeneum
815 1740 1176 1809 obtruncavit,
1230 1740 1526 1810 Iphinoum
1582 1739 1783 1792 saucia-

132 1813 233 1881 vit,
290 1812 587 1867 Leonteum
641 1814 855 1882 occidit,
910 1812 1152 1867 Stheneli
1196 1813 1370 1867 femur
1423 1814 1597 1867 iaculo
1651 1813 1783 1883 figit.

639 1933 698 1963 tor

251 1978 277 2018 2
319 1973 499 2032 hector]
533 1973 650 2018 haec
695 1973 739 2017 L
773 1976 779 2029 Ι
815 1973 962 2018 abicit
1030 1973 1146 2018 dicit
1191 1987 1291 2018 esse
1331 1973 1374 2018 G
1515 1979 1540 2018 3
1587 1973 1669 2018 ille
1726 1974 1788 2017 M

134 2031 207 2077 ini
237 2031 333 2077 LG
394 2032 530 2076 illum
562 2032 612 2076 F
669 2032 918 2077 Hectorem
1034 2034 1039 2087 Ι
1075 2031 1324 2089 prohibeat
1358 2031 1455 2076 LG
1515 2032 1787 2090 prohiberet

133 2090 186 2135 F
201 2091 244 2134 V
366 2095 395 2135 4
418 2091 509 2136 hel.
529 2091 645 2135 alex.
665 2090 709 2135 G
816 2095 842 2135 5
867 2093 915 2136 et
938 2104 1021 2135 om.
1049 2090 1104 2136 G.
1133 2093 1139 2148 1
1166 2105 1462 2136 memnonem
1487 2092 1592 2137 add.
1618 2090 1662 2136 G
1679 2097 1786 2148 post

134 2151 326 2194 Aenean
353 2152 358 2205 Ι
386 2149 435 2194 in
466 2164 510 2207 p.
545 2149 692 2207 misit]
727 2150 938 2195 arcessiri
977 2149 1121 2195 iubet.
1184 2151 1238 2194 ut
1275 2150 1348 2195 illi
1378 2151 1428 2195 in
1466 2166 1512 2208 p.
1545 2150 1786 2208 prodirent

130 2207 179 2254 G
299 2213 326 2253 6
351 2207 548 2266 agnouit
578 2209 781 2253 multum
805 2208 849 2253 G
969 2214 994 2254 7
1020 2211 1074 2254 ut
1097 2222 1229 2253 arma
1251 2209 1458 2267 proferet
1482 2209 1525 2255 G
1551 2212 1559 2266 Ι
1585 2209 1785 2255 retinere

135 2266 234 2311 LG
292 2266 484 2311 retineri
525 2267 586 2312 M
705 2272 732 2312 8
771 2267 959 2312 ulmodo
1000 2267 1044 2313 G
1079 2271 1084 2323 ξ
1119 2268 1549 2326 maesta—potuit
1589 2280 1673 2313 om.
1706 2268 1781 2326 L}

130 2325 408 2430 231)ἓίεᾷῧὲ
444 2325 655 2428 ‹gtpillilsl
676 2339 760 2371 om.
790 2326 861 2429 X
991 2333 1046 2430 9b
1060 2327 1370 2431 astignactelrg
1410 2327 1461 2429 Gf
1510 2387 1531 2430 ι
1585 2332 1787 2431 Ιοᾶεέω

212 2419 221 2429 .
412 2418 421 2428 .
689 2398 716 2429 o
787 2399 802 2428 1
838 2400 914 2429 um
961 2401 1015 2430 ur
1050 2399 1124 2431 em
1386 2399 1436 2430 re
1458 2399 1508 2430 er
1586 2398 1646 2431 uo
1752 2419 1754 2421 -

137 2442 320 2488 uideret
350 2443 394 2486 L
461 2442 648 2495 uiderat
687 2399 809 2489 θξΡΘ
844 2447 848 2499 Ι
885 2388 1007 2490 ιιὲΠθ
1047 2445 1096 2489 in
1135 2458 1344 2502 pugnam
1366 2471 1415 2476 —
1436 2400 1595 2489 omuga
1626 2457 1711 2488 om.
1745 2386 1788 2489 Gl-

139 2506 195 2546 13
234 2502 374 2547 ienua
405 2502 448 2545 L
570 2507 624 2546 14
665 2502 907 2548 adstantes
946 2503 990 2547 L
1112 2509 1166 2548 15
1206 2504 1255 2547 in
1294 2518 1338 2561 p.
1373 2517 1532 2548 omnes
1564 2503 1608 2546 L
1642 2506 1649 2560 Ι
1683 2517 1787 2560 pro-

138 2559 259 2627 dire]
300 2560 510 2606 reuocari
556 2561 599 2604 L
637 2563 643 2616 1
682 2561 873 2606 retineri
920 2561 963 2606 G
1087 2568 1140 2607 16
1188 2561 1423 2606 diomedes
1466 2561 1660 2607 achilles
1708 2562 1783 2620 ΘΙ

137 2618 309 2664 locrius
325 2619 369 2663 L
461 2625 514 2664 17
533 2619 755 2678 inpugna
771 2633 853 2666 om.
873 2620 916 2665 G
943 2623 948 2677 Ι
977 2622 1096 2679 esse]
1112 2621 1299 2678 prodire
1318 2620 1361 2666 G
1425 2626 1477 2666 18
1496 2619 1785 2678 occiderunt]

137 2677 474 2723 interfecerunt
512 2677 555 2723 G
685 2683 739 2723 19
780 2679 1056 2738 tumultum]
1090 2679 1324 2724 ululatum
1368 2679 1411 2723 G
1446 2683 1450 2736 Ι
1487 2679 1787 2737 troianosque

133 2748 223 2781 om.
257 2735 301 2780 G
419 2742 476 2781 20
508 2736 607 2782 seui
638 2736 681 2780 L
719 2739 768 2782 et
799 2752 907 2783 seue
940 2738 983 2783 G
1017 2738 1024 2798 1
1058 2738 1266 2782 troianos
1310 2738 1416 2782 add.
1450 2738 1492 2783 G
1524 2743 1629 2783 ante
1660 2738 1787 2783 labo-

139 2807 243 2838 rare
271 2795 278 2853 Ι
304 2808 466 2853 pugna
482 2795 525 2839 L
637 2800 692 2839 21
718 2795 1016 2842 idumeneum
1038 2797 1134 2841 LG
1160 2799 1166 2852 1
1194 2797 1699 2842 obtruncat—sauciat
1715 2797 1782 2855 ΘΙ

139 2852 369 2910 iphiclum
400 2853 444 2897 L
504 2853 744 2911 yphiclum
768 2855 812 2900 G
864 2856 1111 2913 Iphinoum
1146 2856 1399 2900 Mercerius
1513 2860 1568 2900 22
1595 2856 1789 2901 stenelei

135 2911 182 2956 Θ
244 2912 502 2957 steneleum
534 2913 577 2956 L
604 2916 610 2966 Ι
638 2913 697 2957 ia,
722 2913 779 2958 fe.
806 2913 900 2959 LG
961 2914 991 2958 f.
1018 2914 1045 2958 i.
1075 2913 1124 2958 F
1149 2918 1153 2970 Ι
1183 2927 1320 2970 quem
1349 2915 1454 2959 add.
1483 2914 1525 2960 G
1543 2919 1649 2972 post
1672 2915 1787 2972 figit.
