1956 3178
529 112 717 155 BELLI
745 113 1000 156 rssoiAm
1028 113 1149 156 Lm.
1181 114 1259 159 v1.
1607 114 1707 168 113

89 242 256 309 verat,
284 238 567 292 adversum
592 237 925 308 Telegonum
962 238 1241 291 iaculatur.
1304 238 1396 291 sed
1420 241 1708 308 postquam

0 346 7 351 »
90 310 399 363 huiusmodi
460 309 626 362 ictum
682 309 891 361 iuvenis
947 327 1072 361 casu
1124 308 1357 377 quodam
1415 309 1706 379 intercipit,

0 398 4 401 ’
91 380 206 449 ipse
243 380 303 432 in
341 386 621 449 parentem
658 379 870 449 insigne
909 379 1144 432 iaculum
1170 380 1370 433 emittit
1406 380 1707 434 infelicissi-

90 469 240 503 mum
278 468 458 503 casum
495 449 705 501 vulneri
752 449 1164 518 contemplatus.
1249 453 1306 503 at
1352 451 1445 503 ubi
1494 451 1606 504 ictu
1645 469 1706 504 eo

92 519 279 574 Ulixes
318 519 575 587 concidit,
629 520 889 589 gratulari
939 537 1061 572 cum
1097 519 1318 573 fortuna
1356 522 1707 590 confiterique
1731 537 1751 570 5

94 591 296 660 optime
334 608 512 643 secum
550 592 743 658 actum,
783 591 926 659 quod
963 608 1060 659 per
1086 592 1195 644 vim
1224 592 1431 644 externi
1468 593 1708 646 hominis

91 661 445 729 interemptus
493 660 766 729 parricidii
824 661 1021 713 scelere
1069 660 1448 714 Telemachum
1505 663 1710 716 carissi·

91 749 240 784 mum
277 730 380 784 sibi
418 730 766 783 liberavisset.
843 731 965 784 dein
1012 731 1280 800 reliquum
1324 732 1498 785 adhuc
1535 737 1709 787 reten-

91 804 213 855 tans
269 801 517 870 spiritum
572 801 822 854 iuvenem
878 802 1185 870 percontari
1234 802 1480 871 quisnam
1538 807 1592 856 et
1645 822 1710 856 ex

129 889 199 925 uo
250 874 398 924 ortus
446 871 567 924 loco
616 889 670 924 se
719 871 863 924 domi
909 872 1159 941 belloque
1208 873 1455 926 inclitum
1493 873 1709 927 Ulixem
1733 891 1773 921 10

91 889 315 995 {aertae
361 941 533 994 filium
589 942 887 995 interficere
935 961 1094 995 ausus
1142 946 1309 996 esset.'
1380 947 1511 997 tunc
1561 944 1710 997 Tele-

94 1028 270 1083 gonus
296 1012 516 1082 cognito
542 1016 821 1080 parentem
860 1031 973 1066 esse
1000 1016 1226 1082 utraque
1251 1031 1415 1067 manu
1442 1014 1710 1068 dilanians

92 1085 255 1151 caput
301 1083 486 1135 fletum
542 1082 651 1136 edit
707 1102 868 1152 quam
924 1083 1283 1137 miserabilem
1330 1085 1560 1138 maxime
1609 1086 1711 1138 dis-

94 1153 360 1206 cruciatus
410 1153 479 1206 ob
527 1153 751 1206 inlatam
796 1172 892 1223 per
948 1172 1003 1207 se
1051 1156 1194 1224 patri
1242 1173 1442 1208 necem.
1527 1156 1710 1225 itaque

94 1221 260 1291 Ulixi,
299 1224 380 1276 uti
408 1223 668 1292 voluerat,
707 1242 906 1277 nomen
933 1243 1089 1278 suum
1126 1229 1287 1294 atque
1325 1226 1527 1295 matriS,
1566 1227 1711 1280 insu·
1734 1241 1774 1274 15

94 1293 226 1362 lam,
274 1293 332 1346 in
383 1312 488 1363 qua
536 1297 684 1347 ortus
733 1298 847 1347 erat
902 1298 955 1348 et
1003 1295 1069 1348 ad
1116 1299 1448 1364 postremum
1496 1297 1709 1368 insigne

95 1363 256 1417 iaculi
283 1364 532 1417 ostendit.
596 1365 673 1417 ita
698 1364 883 1418 Ulixes
909 1366 1003 1418 ubi
1029 1366 1139 1419 vim
1176 1367 1547 1437 ingruentium
1573 1386 1711 1421 som·

93 1434 310 1487 niorum
341 1434 779 1505 praedictumque
805 1438 871 1488 ab
909 1437 1291 1506 interpretibus
1328 1439 1469 1492 vitae
1508 1439 1711 1492 exitum

95 1505 276 1558 animo
315 1505 623 1558 recordatus
671 1509 775 1574 est,
824 1507 1135 1560 vulneratus
1174 1510 1240 1560 ab
1280 1526 1369 1577 eo,
1419 1527 1579 1578 quem
1615 1510 1711 1562 mi·

95 1575 240 1627 nime
288 1575 605 1644 crediderat,
662 1577 839 1630 triduo
895 1581 1020 1646 post
1063 1581 1293 1631 mortem
1341 1579 1475 1632 obiit
1533 1581 1713 1632 senior
1734 1593 1777 1626 20

97 1645 203 1697 iam
228 1649 512 1714 provectae
549 1648 736 1700 aetatis
775 1665 949 1717 neque
987 1651 1167 1702 tamen
1205 1649 1471 1702 invalidus
1498 1651 1709 1704 virium.

211 1832 260 1872 11
292 1831 442 1874 laetae
475 1833 512 1874 G
568 1832 660 1875 lete
692 1833 735 1874 B
772 1847 887 1878 corr.
919 1834 962 1875 P
1073 1836 1124 1876 21
1157 1841 1497 1890 prouectaeque
1535 1836 1626 1878 VP.

189 2961 343 2995 Dxeoexs.
