1956 3178
469 107 548 151 DE
580 105 824 151 EXCIDIO
858 103 1085 151 TROIAE
1119 104 1423 150 HISTORIA.
1703 104 1776 157 23

123 231 183 280 et
205 227 593 297 Asteropaeus,
632 227 696 279 de
735 226 972 297 Phrygia
1010 225 1277 279 Ascanius
1318 229 1371 278 et
1408 225 1671 295 PhorcyS‚
1712 225 1776 278 de

127 300 378 355 Maeonia
401 300 676 370 Antiphus
710 303 764 353 et
791 299 1072 368 Mesthles,
1111 300 1175 353 de
1207 298 1566 368 Paphlagonia
1597 298 1777 368 Pylae-

127 392 312 428 menes
322 417 335 443 ,
375 374 439 428 de
478 374 770 444 Aethiopia
808 373 996 427 Perses
1036 377 1091 427 et
1121 373 1400 442 Memnon,
1441 373 1504 426 de
1549 373 1777 426 Thracia

127 447 342 502 Rhesus
409 452 463 502 et
521 447 893 515 ArchilochuS‚
963 447 1027 500 de
1081 447 1335 501 Adrestia
1395 446 1661 501 Adrastus
1725 451 1778 500 et

128 521 420 592 Amphius‚
459 522 524 576 de
561 521 810 576 Alizonia
838 521 1201 591 Epistrophus
1240 526 1288 575 et
1313 520 1496 575 Odius.
1554 521 1643 574 his
1684 521 1775 574 du·
1801 534 1822 566 5

124 597 367 650 ctoribus
407 600 462 649 et
502 596 822 649 exercitibus
870 595 961 666 qui
999 599 1290 664 paruerunt
1327 595 1585 664 praefecit
1628 594 1776 648 Pria-

128 688 249 722 mus
287 670 586 739 principem
625 673 680 722 et
718 669 993 722 ductorem
1025 668 1338 738 Hectorem,
1379 669 1502 722 dein
1542 667 1777 738 Deipho-

128 744 258 806 bum
290 743 656 810 Alexandrum
687 743 929 796 Troilum
961 742 1185 796 Aenean
1212 743 1571 797 Memnonem,
1649 743 1775 795 dum

127 816 509 888 Agamemnon
554 817 786 871 consulit
828 817 892 868 de
930 820 1047 869 tota
1092 834 1171 886 re,
1220 833 1283 869 ex
1324 815 1520 870 Cormo
1561 817 1778 870 advenit

125 890 332 960 Naupli
369 891 510 944 filius
548 890 860 943 Palamedes
901 907 1023 943 cum
1061 890 1288 943 navibus
1326 889 1498 943 XXX.
1558 891 1648 943 ille
1690 908 1776 943 ex·
1805 905 1845 936 ιο

125 964 338 1028 cusavit
383 983 438 1018 se
477 965 666 1018 morbo
714 963 983 1017 adfectum
1021 963 1266 1017 Athenas
1314 965 1495 1017 venire
1535 982 1646 1018 non
1684 982 1777 1034 po-

124 1039 320 1092 tuisse:
361 1038 504 1108 quod
541 1039 769 1106 venerit,
809 1055 930 1091 cum
978 1038 1211 1106 primum
1261 1038 1518 1108 potuerit,
1575 1039 1777 1109 gratias

127 1115 302 1182 agunt
338 1115 638 1183 rogantque
678 1129 800 1164 eum
838 1111 895 1163 in
935 1112 1159 1164 consilio
1200 1129 1329 1165 esse.

279 1185 426 1239 XIX.
488 1185 695 1238 Deinde
727 1203 848 1238 cum
887 1184 1105 1255 Argivis
1136 1203 1248 1238 non
1266 1189 1553 1239 'constaret
1584 1203 1777 1238 exeun·

127 1259 259 1312 dum
299 1259 367 1312 ad
405 1259 622 1312 Troiam
661 1260 798 1312 clam
837 1262 1002 1312 noctu
1041 1276 1112 1311 an
1149 1259 1383 1312 interdiu
1421 1260 1582 1327 foret,
1623 1259 1776 1312 Pala·
1803 1272 1846 1305 15

130 1334 311 1386 medes
367 1333 555 1386 suadet
608 1337 662 1386 et
714 1333 978 1386 rationem
1043 1332 1217 1385 reddit
1274 1334 1389 1386 luce
1452 1334 1510 1386 in
1563 1333 1780 1387 Troiam

126 1407 492 1461 escensionem
537 1407 651 1459 fieri
687 1410 932 1476 oportere
973 1410 1027 1459 et
1064 1425 1286 1460 manum
1309 1407 1549 1462 hostium
1574 1407 1778 1460 deduci.

254 1559 276 1598 1
303 1557 410 1610 post
439 1552 666 1598 Ascanius
698 1552 762 1596 L:
794 1552 1108 1610 Xantypphus
1142 1554 1190 1598 et
1212 1566 1454 1599 merceres.
1517 1552 1782 1598 Deboaetia

129 1614 291 1658 sanius
308 1626 524 1657 asamaus
549 1613 597 1657 et
619 1611 818 1669 porcius,
844 1611 907 1656 G:
932 1612 1154 1669 xatippus
1180 1613 1227 1656 et
1250 1625 1500 1658 mei-ceres:
1526 1611 1595 1657 De
1620 1611 1783 1656 boetia

130 1673 290 1717 sanias
318 1671 522 1716 asimaus
547 1672 596 1715 et
617 1670 836 1728 phortus,
862 1670 1024 1715 deinde
1046 1671 1091 1714 L
1112 1675 1153 1715 et
1177 1670 1240 1715 G:
1273 1670 1331 1716 de
1355 1671 1546 1716 boetino
1571 1672 1784 1728 epystro-

50 1738 58 1740 *
131 1730 254 1788 polis
297 1729 601 1788 (epistropilis
634 1728 693 1786 G)
738 1731 786 1774 et
823 1729 1029 1785 boetius,
1072 1730 1126 1774 in
1167 1730 1333 1786 quibus
1371 1730 1685 1788 Epistrophus
1735 1732 1784 1774 et

132 1790 294 1846 Odius,
317 1789 400 1846 qui
420 1790 554 1844 infra
577 1789 893 1846 appellantur,
918 1789 1138 1833 uidentur
1161 1790 1299 1835 latere
1405 1794 1431 1834 2
1449 1788 1712 1848 paflaconia
1737 1787 1789 1832 F
1883 1841 1887 1845 ι

131 1848 390 1906 pafadonia
419 1848 463 1892 L
525 1847 795 1905 plafaconia
826 1847 870 1892 G
903 1848 910 1903 Ι
946 1847 1256 1905 philemoenis
1286 1848 1331 1894 L
1408 1848 1709 1905 phillemenis
1741 1846 1812 1892 G'

131 1908 192 1952 de
230 1906 557 1966 Paphlagonia
599 1907 904 1964 Pylaemenes
955 1907 1212 1952 Mercerius
1341 1912 1367 1952 3
1410 1907 1666 1965 aethyopia
1703 1907 1746 1950 L
1773 1908 1778 1965 Ι

133 1980 303 2012 menno
347 1965 390 2011 G
423 1971 429 2022 Ι
463 1965 614 2010 tracia
657 1965 701 2011 G
759 1965 970 2010 thraecia
1011 1965 1055 2008 L
1174 1971 1202 2010 4
1249 1966 1417 2010 heseus
1459 1966 1556 2010 LG
1591 1969 1596 2022 Ι
1635 1965 1785 2010 archi·

132 2025 270 2083 logus
312 2025 356 2069 L
428 2025 666 2083 argilogus
714 2024 758 2068 G
831 2024 1013 2069 Rhesus
1054 2026 1102 2069 et
1147 2025 1453 2070 Archilochus
1490 2025 1780 2083 Merceriusl

132 2083 342 2142 agrestia
371 2083 469 2128 LG
527 2082 746 2128 Adrestia
781 2083 1036 2127 Mercerius
1063 2085 1068 2139 Ι
1097 2083 1342 2128 adarastus
1375 2084 1419 2127 L
1539 2089 1565 2128 5
1599 2083 1783 2141 ampius

135 2143 179 2186 L
216 2146 223 2197 Ι
261 2142 465 2187 alizonia
509 2141 605 2187 LG
642 2145 648 2198 l
688 2141 833 2186 Odius
886 2143 935 2186 et
979 2143 1086 2187 add.
1141 2143 1448 2197 Dederichus,
1496 2144 1640 2200 posui
1677 2147 1786 2200 post

131 2201 171 2245 E
209 2201 447 2260 istrophus
482 2201 489 2260 Ι
525 2200 852 2259 aepistrophus
890 2200 934 2244 L
996 2201 1412 2246 Oommemorantur
1443 2206 1683 2258 praeterea
1726 2202 1784 2247 ab

188 2273 334 2305 omero
378 2261 448 2305 II
488 2265 574 2305 816
607 2259 798 2314 Hector,
842 2263 928 2305 820
971 2260 1151 2306 Aeneas
1189 2261 1493 2306 Archelochus
1524 2261 1725 2306 Acamas
1764 2275 1787 2305 e

133 2319 411 2374 Dardomia,
443 2323 529 2364 858
563 2318 768 2364 Chromis
800 2322 842 2363 et
871 2318 1116 2364 Ennomus
1235 2326 1262 2365 6
1294 2322 1523 2377 pararunt
1546 2319 1590 2363 L
1649 2333 1786 2378 para-
1839 2356 1845 2369 .

135 2380 243 2423 rent
274 2378 318 2424 G
376 2379 635 2436 paruerunt
663 2377 947 2422 Dederichus
1070 2384 1094 2423 7
1128 2378 1296 2423 deinde
1329 2377 1373 2423 G
1493 2384 1519 2424 9
1554 2378 1788 2424 consoluit

133 2438 183 2492 (ο
214 2449 328 2483 corr.
363 2439 415 2482 in
446 2439 493 2494 u)
527 2436 570 2480 L
693 2442 747 2482 10
778 2436 1039 2530 palanaedis
1062 2437 1106 2481 L
1230 2442 1281 2481 11
1317 2437 1394 2482 aff.
1420 2437 1463 2482 G
1489 2439 1496 2494 Ι
1524 2451 1660 2495 posse
1693 2436 1788 2482 GL

136 2541 270 2596 (corr.
302 2541 356 2585 in
385 2540 610 2599 potuisse)
737 2545 789 2585 12
824 2555 914 2598 quo
947 2539 990 2585 L
1051 2554 1143 2597 quo
1177 2540 1219 2586 G
1255 2544 1262 2596 ι
1297 2539 1540 2586 aduenerit
1578 2539 1621 2586 G
1657 2542 1661 2596 Ι
1704 2554 1787 2598 po-

136 2609 286 2688 tuerit
308 2643 351 2687 L
473 2649 526 2688 13
551 2645 723 2702 rogant
744 2644 904 2701 itaque
927 2643 972 2687 L
1095 2647 1150 2687 14
1181 2642 1359 2687 Deinde
1379 2668 1433 2677 —-
1451 2642 1573 2688 foret
1597 2655 1680 2688 om.
1708 2641 1751 2687 G
1777 2644 1783 2700 Ι

137 2744 340 2790 exeundi
357 2744 402 2788 L
461 2746 722 2791 exeundum
748 2747 791 2791 V
895 2751 949 2791 15
973 2711 1221 2791 interdigm
1245 2746 1376 2791 fieret
1391 2745 1435 2790 L
1543 2751 1596 2791 16
1622 2746 1791 2791 suadet

139 2817 378 2863 racionem
406 2818 562 2864 reddit
593 2818 636 2864 G
697 2834 781 2864 sua
809 2820 1100 2865 detractione
1125 2806 1235 2865 rt'L
1262 2821 1267 2876 1
1295 2820 1399 2864 luce
1423 2832 1507 2864 om.
1534 2819 1576 2864 G
1604 2821 1609 2875 Ι
1637 2819 1698 2864 ad
1729 2822 1789 2864 tr.

138 2875 184 2919 L
245 2876 301 2920 de
332 2877 455 2921 troia
487 2877 561 2934 G!
594 2883 646 2922 17
679 2892 851 2923 excess.
885 2878 999 2934 LG,
1034 2879 1201 2935 scripsi
1232 2879 1561 2924 escensionem.
